日期时间,代码,中文名称,英文名称,交易类型,最新价,涨跌额,涨跌幅,昨收,今开,最高,最低,成交量,成交额,买一,卖一,update_time
2025/09/02 16:08:06,00001,长和,CKH HOLDINGS,,51.75,0.05,0.09671,51.7,51.8,52.5,51.65,4705757,244488478,51.65,51.75,2025-09-03 08:03:24.662053
2025/09/02 16:08:08,00002,中电控股,CLP HOLDINGS,,65.3,-0.07,-0.10708,65.37,65.7,65.7,65.3,3880863,253668189,65.3,65.35,2025-09-03 08:03:24.662053
2025/09/02 16:08:06,00003,香港中华煤气,HK & CHINA GAS,,6.91,-0.02,-0.2886,6.93,6.96,6.97,6.9,16760624,115870523,6.9,6.91,2025-09-03 08:03:24.662053
2025/09/02 16:08:06,00004,九龙仓集团,WHARF HOLDINGS,,23.1,0.34,1.49385,22.76,22.62,23.18,22.62,1013376,23317183,23.08,23.12,2025-09-03 08:03:24.662053
2025/09/02 16:08:06,00005,汇丰控股,HSBC HOLDINGS,,99.75,-0.25,-0.25,100.0,100.3,100.8,99.7,11792675,1181485338,99.75,99.8,2025-09-03 08:03:24.662053
2025/09/02 16:08:06,00006,电能实业,POWER ASSETS,,50.85,0.0,0.0,50.85,50.85,50.9,50.65,2020998,102644914,50.8,50.85,2025-09-03 08:03:24.662053
2025/09/02 16:08:08,00007,智富资源投资,WISDOM WEALTH,,0.032,0.0,1e-05,0.032,0.0,0.0,0.0,0,0,0.0,0.0,2025-09-03 08:03:24.662053
2025/09/02 16:08:08,00008,电讯盈科,PCCW,,5.24,0.0,0.0,5.24,5.24,5.27,5.2,4720923,24693758,5.23,5.24,2025-09-03 08:03:24.662053
2025/09/02 16:08:08,00009,金奥国际,KEYNE LTD,,0.013,0.0,0.0,0.013,0.0,0.0,0.0,0,0,0.0,0.0,2025-09-03 08:03:24.662053
2025/09/02 16:08:06,00010,恒隆集团,HANG LUNG GROUP,,13.6,-0.17,-1.23457,13.77,13.62,13.73,13.6,644000,8787507,13.6,13.63,2025-09-03 08:03:24.662053
2025/09/02 16:08:06,00011,恒生银行,HANG SENG BANK,,113.1,1.2,1.07239,111.9,111.9,113.3,111.3,1763155,198785159,113.0,113.1,2025-09-03 08:03:24.662053
2025/09/02 16:08:06,00012,恒基地产,HENDERSON LAND,,27.16,-0.02,-0.07358,27.18,27.18,27.38,27.04,4584189,124631169,27.12,27.16,2025-09-03 08:03:24.662053
2025/09/02 16:08:06,00013,和黄医药,HUTCHMED,,24.32,-0.14,-0.57236,24.46,24.46,24.78,23.84,8281550,200996943,24.3,24.32,2025-09-03 08:03:24.662053
2025/09/02 16:08:06,00014,希慎兴业,HYSAN DEV,,15.12,0.34,2.30041,14.78,14.7,15.18,14.7,2058000,30954430,15.09,15.12,2025-09-03 08:03:24.662053
2025/09/02 16:08:08,00016,新鸿基地产,SHK PPT,,93.65,0.6,0.64482,93.05,92.85,94.25,92.35,3083217,288830215,93.5,93.65,2025-09-03 08:03:24.662053
2025/09/02 16:08:06,00017,新世界发展,NEW WORLD DEV,,6.87,-0.2,-2.82886,7.07,6.9,7.02,6.78,19861527,136417886,6.86,6.87,2025-09-03 08:03:24.662053
2025/09/02 16:08:08,00018,东方企控集团,ORIENTAL E H,,0.35,-0.005,-1.40845,0.355,0.355,0.355,0.35,44000,15610,0.35,0.355,2025-09-03 08:03:24.662053
2025/09/02 16:08:06,00019,太古股份公司Ａ,SWIRE PACIFIC A,,67.75,0.3,0.44477,67.45,67.45,67.9,67.15,805133,54506848,67.7,67.75,2025-09-03 08:03:24.662053
2025/09/02 16:08:06,00020,商汤－Ｗ,SENSETIME-W,,2.07,-0.07,-3.27103,2.14,2.14,2.21,2.03,1159639142,2431849653,2.06,2.07,2025-09-03 08:03:24.662053
2025/09/02 16:08:08,00021,大中华控股,GREAT CHI HLDGS,,0.107,0.0,0.0,0.107,0.107,0.107,0.107,20000,2140,0.101,0.119,2025-09-03 08:03:24.662053
2025/09/02 16:08:06,00022,茂盛控股,MEXAN,,0.132,0.002,1.53846,0.13,0.131,0.133,0.13,440000,57720,0.132,0.135,2025-09-03 08:03:24.662053
2025/09/02 16:08:08,00023,东亚银行,BANK OF E ASIA,,12.73,0.1,0.79176,12.63,12.6,12.79,12.6,1215290,15465466,12.72,12.73,2025-09-03 08:03:24.662053
2025/09/02 16:08:06,00025,CHEVALIER INT'L,CHEVALIER INT'L,,3.95,-0.02,-0.50378,3.97,3.95,3.95,3.95,28000,110600,3.95,4.13,2025-09-03 08:03:24.662053
2025/09/02 16:08:08,00026,中华汽车,CHINA MOTOR BUS,,62.0,0.6,0.9772,61.4,61.5,62.0,61.45,5200,320640,61.65,62.0,2025-09-03 08:03:24.662053
2025/09/02 16:08:06,00027,银河娱乐,GALAXY ENT,,41.22,0.14,0.3408,41.08,41.08,42.04,41.02,10562626,438063172,41.2,41.22,2025-09-03 08:03:24.662053
2025/09/02 16:08:08,00028,天安,TIAN AN,,5.12,-0.11,-2.10325,5.23,5.23,5.23,5.08,180000,934000,5.12,5.21,2025-09-03 08:03:24.662053
2025/09/02 16:08:08,00029,达力集团,DYNAMIC HOLD,,12.71,-0.18,-1.39643,12.89,12.85,12.85,12.71,49279,627860,12.71,12.79,2025-09-03 08:03:24.662053
2025/09/02 16:08:06,00030,云白国际,YNBY INTL,,0.265,-0.005,-1.85186,0.27,0.27,0.27,0.265,2034000,543650,0.265,0.27,2025-09-03 08:03:24.662053
2025/09/02 16:08:08,00031,航天控股,CHINA AEROSPACE,,0.6,-0.03,-4.7619,0.63,0.63,0.63,0.59,15926200,9599854,0.6,0.61,2025-09-03 08:03:24.662053
2025/09/02 16:08:06,00032,港通控股,CROSS-HAR(HOLD),,8.45,-0.05,-0.58824,8.5,8.5,8.5,8.45,18775,159397,8.45,8.69,2025-09-03 08:03:24.662053
2025/09/02 16:08:08,00033,INTL GENIUS,INTL GENIUS,,0.48,0.07,17.07317,0.41,0.415,0.48,0.41,6078000,2665130,0.475,0.48,2025-09-03 08:03:24.662053
2025/09/02 16:08:06,00034,九龙建业,KOWLOON DEV,,3.47,0.04,1.16618,3.43,3.43,3.48,3.4,151071,519672,3.45,3.47,2025-09-03 08:03:24.662053
2025/09/02 16:08:06,00035,远东发展,FE CONSORT INTL,,0.78,0.0,0.0,0.78,0.77,0.78,0.77,380000,293270,0.77,0.78,2025-09-03 08:03:24.662053
2025/09/02 16:08:06,00036,远东控股国际,FE HLDGS INTL,,0.255,-0.015,-5.55556,0.27,0.26,0.26,0.239,180000,45366,0.255,0.27,2025-09-03 08:03:24.662053
2025/09/02 16:08:08,00037,远东酒店实业,FE HOTELS,,0.46,0.005,1.0989,0.455,0.45,0.46,0.45,174000,79050,0.45,0.465,2025-09-03 08:03:24.662053
2025/09/02 16:08:06,00038,第一拖拉机股份,FIRST TRACTOR,,7.28,-0.01,-0.13717,7.29,7.36,7.42,7.21,3350731,24375532,7.28,7.29,2025-09-03 08:03:24.662053
2025/09/02 16:08:06,00039,中国北大荒,CH BEIDAHUANG,,0.088,0.0,0.0,0.088,0.0,0.0,0.0,0,0,0.0,0.0,2025-09-03 08:03:24.662053
2025/09/02 16:08:08,00040,金山科技工业,GOLD PEAK,,0.68,-0.02,-2.85714,0.7,0.7,0.7,0.68,13000,9040,0.68,0.7,2025-09-03 08:03:24.662053
2025/09/02 16:08:08,00041,鹰君,GREAT EAGLE H,,13.94,-0.37,-2.58561,14.31,14.31,14.31,13.92,882219,12386100,13.93,13.96,2025-09-03 08:03:24.662053
2025/09/02 16:08:08,00042,东北电气,NE ELECTRIC,,0.31,0.005,1.63935,0.305,0.315,0.315,0.3,134000,40600,0.3,0.31,2025-09-03 08:03:24.662053
2025/09/02 16:08:08,00045,大酒店,HK&S HOTELS,,5.86,0.01,0.17094,5.85,5.8,5.87,5.8,432500,2532500,5.86,5.88,2025-09-03 08:03:24.662053
2025/09/02 16:08:08,00046,科联系统,COMPUTER & TECH,,1.75,-0.01,-0.56818,1.76,1.76,1.76,1.75,38000,66840,1.7,1.75,2025-09-03 08:03:24.662053
2025/09/02 16:08:08,00048,中国汽车内饰,C AUTO INT DECO,,0.18,-0.002,-1.0989,0.182,0.18,0.183,0.18,220400,39961,0.18,0.188,2025-09-03 08:03:24.662053
2025/09/02 16:08:08,00050,香港小轮（集团）,HK FERRY (HOLD),,5.0,-0.05,-0.9901,5.05,5.0,5.04,5.0,323000,1618050,5.0,5.04,2025-09-03 08:03:24.662053
2025/09/02 16:08:08,00051,海港企业,HARBOUR CENTRE,,4.3,-0.01,-0.23201,4.31,4.3,4.3,4.3,5000,21500,4.28,4.35,2025-09-03 08:03:24.662053
2025/09/02 16:08:06,00052,大快活集团,FAIRWOOD HOLD,,5.65,0.05,0.89286,5.6,5.6,5.65,5.6,66000,371710,5.6,5.66,2025-09-03 08:03:24.662053
2025/09/02 16:08:06,00053,国浩集团,GUOCO GROUP,,74.25,-1.1,-1.45985,75.35,75.5,75.5,74.15,11000,828350,74.25,76.0,2025-09-03 08:03:24.662053
2025/09/02 16:08:06,00055,中星集团控股,NEWAY GROUP,,0.2,0.0,0.0,0.2,0.0,0.0,0.0,0,0,0.18,0.201,2025-09-03 08:03:24.662053
2025/09/02 16:08:08,00057,震雄集团,CHEN HSONG HOLD,,1.74,0.0,0.0,1.74,1.79,1.8,1.74,538000,943840,1.73,1.74,2025-09-03 08:03:24.662053
2025/09/02 16:08:08,00058,新威国际,SUNWAY INT'L,,0.175,0.0,0.0,0.175,0.0,0.0,0.0,0,0,0.166,0.177,2025-09-03 08:03:24.662053
2025/09/02 16:08:08,00059,天誉置业,SKYFAME REALTY,,0.01,0.0,0.0,0.01,0.0,0.0,0.0,0,0,0.0,0.0,2025-09-03 08:03:24.662053
2025/09/02 16:08:08,00060,香港食品投资,HK FOOD INV,,0.46,0.01,2.22222,0.45,0.46,0.46,0.46,2000,920,0.44,0.455,2025-09-03 08:03:24.662053
2025/09/02 16:08:06,00061,绿领控股,GREEN LEADER,,0.083,0.0,0.0,0.083,0.0,0.0,0.0,0,0,0.08,0.088,2025-09-03 08:03:24.662053
2025/09/02 16:08:08,00062,载通,TRANSPORT INT'L,,10.51,-0.11,-1.03578,10.62,10.62,10.62,10.46,235717,2481030,10.51,10.56,2025-09-03 08:03:24.662053
2025/09/02 16:08:08,00063,中亚烯谷集团,CHI ASIA VALLEY,,0.062,-0.005,-7.46269,0.067,0.061,0.064,0.06,89000,5393,0.061,0.065,2025-09-03 08:03:24.662053
2025/09/02 16:08:08,00065,弘海高新资源,GRAND OCEAN AR,,0.495,0.02,4.21053,0.475,0.475,0.495,0.475,84000,40940,0.475,0.495,2025-09-03 08:03:24.662053
2025/09/02 16:08:08,00066,港铁公司,MTR CORPORATION,,26.28,-0.08,-0.30349,26.36,26.36,26.46,26.1,7198969,189390024,26.26,26.28,2025-09-03 08:03:24.662053
2025/09/02 16:08:06,00069,香格里拉（亚洲）,SHANGRI-LA ASIA,,4.59,-0.03,-0.64935,4.62,4.62,4.63,4.59,734217,3380366,4.59,4.61,2025-09-03 08:03:24.662053
2025/09/02 16:08:08,00070,金粤控股,RICH GOLDMAN,,0.069,0.002,2.98507,0.067,0.068,0.072,0.068,847000,59011,0.068,0.069,2025-09-03 08:03:24.662053
2025/09/02 16:08:06,00071,美丽华酒店,MIRAMAR HOTEL,,10.02,0.07,0.70352,9.95,9.96,10.04,9.96,32000,320050,9.97,10.02,2025-09-03 08:03:24.662053
2025/09/02 16:08:08,00072,超媒体控股,META MEDIA,,0.32,0.01,3.2258,0.31,0.0,0.0,0.0,0,0,0.32,0.33,2025-09-03 08:03:24.662053
2025/09/02 16:08:08,00073,亚洲果业,ASIAN CITRUS,,1.9,-0.06,-3.06123,1.96,0.0,0.0,0.0,5,8,1.85,1.9,2025-09-03 08:03:24.662053
2025/09/02 16:08:08,00075,渝太地产,Y.T. REALTY,,0.155,0.0,0.0,0.155,0.0,0.0,0.0,0,0,0.152,0.0,2025-09-03 08:03:24.662053
2025/09/02 16:08:08,00076,谊砾控股,ELATE HOLDINGS,,0.265,-0.005,-1.85186,0.27,0.265,0.265,0.26,2101440,555617,0.26,0.265,2025-09-03 08:03:24.662053
2025/09/02 16:08:06,00077,进智公共交通,AMS TRANSPORT,,0.49,0.0,0.0,0.49,0.49,0.49,0.49,4000,1960,0.46,0.49,2025-09-03 08:03:24.662053
2025/09/02 16:08:08,00078,REGAL INT'L,REGAL INT'L,,0.53,0.0,-1e-05,0.53,0.54,0.57,0.53,1654000,903600,0.53,0.54,2025-09-03 08:03:24.662053
2025/09/02 16:08:08,00079,世纪建业,CENTURY LEGEND,,0.095,0.0,0.0,0.095,0.0,0.0,0.0,0,0,0.087,0.099,2025-09-03 08:03:24.662053
2025/09/02 16:08:08,00080,中国新经济投资,CNEWECON FUND,,0.37,-0.005,-1.33333,0.375,0.365,0.385,0.365,19360000,7224550,0.37,0.375,2025-09-03 08:03:24.662053
2025/09/02 16:08:06,00081,中国海外宏洋集团,CH OVS G OCEANS,,2.34,-0.11,-4.4898,2.45,2.45,2.45,2.33,17737000,42119880,2.34,2.36,2025-09-03 08:03:24.662053
2025/09/02 16:08:08,00082,疯狂体育,CRAZY SPORTS,,0.094,0.003,3.2967,0.091,0.091,0.094,0.09,1817600,166611,0.093,0.094,2025-09-03 08:03:24.662053
2025/09/02 16:08:06,00083,信和置业,SINO LAND,,9.66,0.19,2.00633,9.47,9.45,9.69,9.39,8894353,85187364,9.63,9.66,2025-09-03 08:03:24.662053
2025/09/02 16:08:08,00084,宝光实业,STELUX HOLDINGS,,0.07,0.002,2.94118,0.068,0.07,0.07,0.07,270000,18900,0.068,0.072,2025-09-03 08:03:24.662053
2025/09/02 16:08:08,00085,中电华大科技,CE HUADA TECH,,1.67,-0.07,-4.02299,1.74,1.74,1.8,1.66,8596000,14703560,1.67,1.69,2025-09-03 08:03:24.662053
2025/09/02 16:08:06,00086,新鸿基公司,SUN HUNG KAI CO,,4.18,0.01,0.2398,4.17,4.18,4.18,4.12,1005000,4177510,4.15,4.18,2025-09-03 08:03:24.662053
2025/09/02 16:08:08,00087,太古股份公司Ｂ,SWIRE PACIFIC B,,11.71,0.06,0.51502,11.65,11.65,11.71,11.61,465000,5429775,11.71,11.74,2025-09-03 08:03:24.662053
2025/09/02 16:08:08,00088,TAI CHEUNG HOLD,TAI CHEUNG HOLD,,3.28,-0.01,-0.30395,3.29,3.31,3.33,3.28,72000,238280,3.28,3.31,2025-09-03 08:03:24.662053
2025/09/02 16:08:08,00089,大生地产,TAI SANG LAND,,2.0,0.0,0.0,2.0,2.03,2.03,2.0,32318,65523,1.99,2.12,2025-09-03 08:03:24.662053
2025/09/02 16:08:08,00090,普星能量,PUXING ENERGY,,1.7,-0.04,-2.29885,1.74,1.7,1.71,1.7,136000,231240,1.7,1.71,2025-09-03 08:03:24.662053
2025/09/02 16:08:06,00092,冠军科技集团,CHAMPION TECH,,0.195,0.0,0.0,0.195,0.195,0.195,0.195,36653,7137,0.195,0.209,2025-09-03 08:03:24.662053
2025/09/02 16:08:06,00093,零在科技金融,ZERO FINTECH,,0.54,0.0,0.0,0.54,0.0,0.0,0.0,0,0,0.49,0.58,2025-09-03 08:03:24.662053
2025/09/02 16:08:08,00094,绿心集团,GREENHEART GP,,0.048,0.0,0.0,0.048,0.0,0.0,0.0,0,0,0.0,0.0,2025-09-03 08:03:24.662053
2025/09/02 16:08:06,00095,绿景中国地产,LVGEM CHINA,,0.285,0.0,0.0,0.285,0.29,0.29,0.275,1214000,339840,0.28,0.285,2025-09-03 08:03:24.662053
2025/09/02 16:08:08,00096,YUSEI,YUSEI,,0.62,-0.01,-1.5873,0.63,0.6,0.62,0.59,412000,248100,0.6,0.63,2025-09-03 08:03:24.662053
2025/09/02 16:08:06,00097,恒基发展,HENDERSON INV,,0.265,-0.015,-5.35715,0.28,0.27,0.28,0.26,3280908,873095,0.26,0.265,2025-09-03 08:03:24.662053
2025/09/02 16:08:08,00098,兴发铝业,XINGFA ALUM,,7.81,-0.04,-0.50956,7.85,7.8,7.89,7.8,46000,359080,7.81,7.88,2025-09-03 08:03:24.662053
2025/09/02 16:08:08,00099,王氏国际,WONG'S INT'L,,1.49,0.0,0.0,1.49,0.0,0.0,0.0,0,0,1.41,1.5,2025-09-03 08:03:24.662053
2025/09/02 16:08:06,00101,恒隆地产,HANG LUNG PPT,,8.01,0.07,0.88162,7.94,7.9,8.02,7.87,11005199,87705849,7.98,8.01,2025-09-03 08:03:24.662053
2025/09/02 16:08:08,00103,首佳科技,SHOUGANG CENT,,0.64,0.01,1.5873,0.63,0.63,0.64,0.62,3290000,2072640,0.63,0.64,2025-09-03 08:03:24.662053
2025/09/02 16:08:08,00104,ASIA COMM HOLD,ASIA COMM HOLD,,0.24,0.0,0.0,0.24,0.23,0.24,0.23,111400,26219,0.24,0.246,2025-09-03 08:03:24.662053
2025/09/02 16:08:06,00105,凯联国际酒店,ASSO INT HOTELS,,5.41,-0.09,-1.63637,5.5,5.42,5.42,5.41,20000,108300,5.41,5.55,2025-09-03 08:03:24.662053
2025/09/02 16:08:08,00106,朗诗绿色管理,LANDSEA MGMT,,0.019,0.0,0.0,0.019,0.0,0.0,0.0,0,0,0.0,0.0,2025-09-03 08:03:24.662053
2025/09/02 16:08:08,00107,四川成渝高速公路,SICHUAN EXPRESS,,4.6,-0.1,-2.12766,4.7,4.69,4.7,4.59,6470000,29873220,4.6,4.61,2025-09-03 08:03:24.662053
2025/09/02 16:08:08,00108,国锐生活,GR LIFE STYLE,,1.53,-0.07,-4.375,1.6,1.62,1.63,1.51,968000,1508720,1.52,1.55,2025-09-03 08:03:24.662053
2025/09/02 16:08:08,00110,中国长远,CHINA FORTUNE,,0.209,-0.021,-9.13043,0.23,0.211,0.211,0.21,284000,59652,0.2,0.209,2025-09-03 08:03:24.662053
2025/09/02 16:08:08,00111,信达国际控股,CINDA INTL HLDG,,0.53,-0.02,-3.63637,0.55,0.54,0.56,0.52,542231,286475,0.52,0.53,2025-09-03 08:03:24.662053
2025/09/02 16:08:08,00113,迪生创建,DICKSON CONCEPT,,5.1,-0.01,-0.1957,5.11,5.1,5.11,5.08,83500,425550,5.1,5.14,2025-09-03 08:03:24.662053
2025/09/02 16:08:08,00114,HERALD HOLD,HERALD HOLD,,0.59,0.0,0.0,0.59,0.6,0.6,0.59,85000,50950,0.58,0.6,2025-09-03 08:03:24.662053
2025/09/02 16:08:08,00115,钧濠集团,GRAND FIELD GP,,3.2,0.27,9.21502,2.93,3.0,3.2,3.0,6000,18260,3.0,3.38,2025-09-03 08:03:24.662053
2025/09/02 16:08:06,00116,周生生,CHOW SANG SANG,,14.22,-0.35,-2.40219,14.57,14.57,14.68,13.91,2653261,37682115,14.15,14.22,2025-09-03 08:03:24.662053
2025/09/02 16:08:06,00117,天利控股集团,TIANLI HOLDINGS,,0.58,0.0,0.0,0.58,0.0,0.0,0.0,0,0,0.53,0.58,2025-09-03 08:03:24.662053
2025/09/02 16:08:08,00118,大同机械,COSMOS MACH,,0.239,0.0,0.0,0.239,0.0,0.0,0.0,0,0,0.226,0.249,2025-09-03 08:03:24.662053
2025/09/02 16:08:06,00119,保利置业集团,POLY PROPERTY,,1.6,-0.02,-1.23457,1.62,1.63,1.65,1.6,7834000,12692920,1.6,1.61,2025-09-03 08:03:24.662053
2025/09/02 16:08:08,00120,COSMOPOL INT'L,COSMOPOL INT'L,,0.125,0.002,1.62602,0.123,0.12,0.125,0.119,366600,45004,0.124,0.125,2025-09-03 08:03:24.662053
2025/09/02 16:08:08,00122,鳄鱼恤,CROCODILE,,1.96,0.0,0.0,1.96,0.0,0.0,0.0,0,0,1.95,1.99,2025-09-03 08:03:24.662053
2025/09/02 16:08:06,00123,越秀地产,YUEXIU PROPERTY,,4.88,-0.1,-2.00803,4.98,4.97,4.99,4.83,9814616,47940766,4.86,4.88,2025-09-03 08:03:24.662053
2025/09/02 16:08:08,00124,粤海置地,GD LAND,,0.27,0.0,0.0,0.27,0.27,0.275,0.265,2353962,628091,0.265,0.27,2025-09-03 08:03:24.662053
2025/09/02 16:08:08,00125,新兴光学,SUN HING VISION,,0.395,0.0,0.0,0.395,0.0,0.0,0.0,0,0,0.37,0.44,2025-09-03 08:03:24.662053
2025/09/02 16:08:08,00126,佳宁娜,CARRIANNA,,0.119,0.001,0.84746,0.118,0.118,0.119,0.116,338000,39886,0.118,0.119,2025-09-03 08:03:24.662053
2025/09/02 16:08:08,00127,华人置业,CHINESE EST H,,1.31,-0.01,-0.75758,1.32,1.31,1.31,1.28,275900,358013,1.29,1.31,2025-09-03 08:03:24.662053
2025/09/02 16:08:08,00128,安宁控股,ENM HOLDINGS,,0.28,0.0,0.0,0.28,0.28,0.28,0.28,200000,56000,0.275,0.28,2025-09-03 08:03:24.662053
2025/09/02 16:08:08,00129,泛海集团,ASIA STANDARD,,0.315,-0.005,-1.5625,0.32,0.32,0.32,0.305,633035,199660,0.31,0.33,2025-09-03 08:03:24.662053
2025/09/02 16:08:06,00130,慕诗国际,MOISELLE INT'L,,0.139,0.01,7.75194,0.129,0.145,0.145,0.142,158000,22502,0.13,0.139,2025-09-03 08:03:24.662053
2025/09/02 16:08:06,00131,卓能（集团）,CHEUK NANG HOLD,,1.45,0.0,0.0,1.45,0.0,0.0,0.0,0,0,1.42,1.46,2025-09-03 08:03:24.662053
2025/09/02 16:08:08,00132,兴业控股,HING YIP HLDGS,,0.25,-0.015,-5.66038,0.265,0.25,0.25,0.25,28000,7000,0.24,0.255,2025-09-03 08:03:24.662053
2025/09/02 16:08:08,00133,招商局中国基金,CHINA MERCHANTS,,16.7,-0.05,-0.2985,16.75,16.8,16.8,16.43,152000,2533520,16.54,16.7,2025-09-03 08:03:24.662053
2025/09/02 16:08:08,00135,昆仑能源,KUNLUN ENERGY,,7.14,0.079,1.11882,7.061,7.15,7.18,7.06,17355172,123610411,7.14,7.15,2025-09-03 08:03:24.662053
2025/09/02 16:08:08,00136,中国儒意,CHINA RUYI,,2.81,-0.08,-2.76817,2.89,2.89,2.92,2.78,55660182,157920392,2.81,2.82,2025-09-03 08:03:24.662053
2025/09/02 16:08:06,00137,金辉集团,JINHUI HOLDINGS,,0.72,0.0,0.0,0.72,0.0,0.0,0.0,0,0,0.71,0.72,2025-09-03 08:03:24.662053
2025/09/02 16:08:06,00138,中建富通,CCT FORTIS,,0.081,-0.004,-4.70588,0.085,0.08,0.08,0.08,2000,160,0.081,0.085,2025-09-03 08:03:24.662053
2025/09/02 16:08:08,00139,小鱼盈通,SMART FISH,,0.016,0.0,1e-05,0.016,0.016,0.017,0.015,141046082,2254180,0.015,0.016,2025-09-03 08:03:24.662053
2025/09/02 16:08:06,00142,第一太平,FIRST PACIFIC,,6.51,0.01,0.15385,6.5,6.5,6.64,6.48,4120050,26964613,6.5,6.51,2025-09-03 08:03:24.662053
2025/09/02 16:08:06,00144,招商局港口,CHINA MER PORT,,14.32,-0.06,-0.41725,14.38,14.4,14.48,14.26,3884402,55752101,14.31,14.32,2025-09-03 08:03:24.662053
2025/09/02 16:08:06,00145,信能低碳,CCIAM FUTURE EN,,0.201,0.016,8.64865,0.185,0.184,0.205,0.182,1672400,334438,0.201,0.216,2025-09-03 08:03:24.662053
2025/09/02 16:08:08,00146,TAI PING CARPET,TAI PING CARPET,,1.5,0.0,0.0,1.5,1.5,1.5,1.5,40000,60000,1.5,1.58,2025-09-03 08:03:24.662053
2025/09/02 16:08:08,00147,国际商业结算,IB SETTLEMENT,,0.53,0.1,23.25581,0.43,0.48,0.54,0.455,205260000,101421150,0.52,0.53,2025-09-03 08:03:24.662053
2025/09/02 16:08:06,00148,建滔集团,KINGBOARD HLDG,,26.88,-1.14,-4.06853,28.02,28.1,28.1,26.74,3972680,107680318,26.86,26.88,2025-09-03 08:03:24.662053
2025/09/02 16:08:08,00149,中国农产品交易,CH AGRI-PROD EX,,0.08,0.001,1.26582,0.079,0.079,0.081,0.077,11202600,891571,0.08,0.081,2025-09-03 08:03:24.662053
2025/09/02 16:08:08,00150,HYPEBEAST,HYPEBEAST,,0.16,0.0,0.0,0.16,0.16,0.16,0.159,122400,19565,0.16,0.161,2025-09-03 08:03:24.662053
2025/09/02 16:08:08,00151,中国旺旺,WANT WANT CHINA,,5.45,-0.01,-0.18315,5.46,5.53,5.54,5.44,4234204,23131738,5.45,5.46,2025-09-03 08:03:24.662053
2025/09/02 16:08:08,00152,深圳国际,SHENZHEN INT'L,,7.97,0.07,0.88607,7.9,7.88,7.97,7.84,4610516,36503230,7.94,7.97,2025-09-03 08:03:24.662053
2025/09/02 16:08:08,00154,北京控股环境集团,BE ENVIRONMENT,,0.56,-0.03,-5.08475,0.59,0.57,0.58,0.56,493000,278360,0.56,0.59,2025-09-03 08:03:24.662053
2025/09/02 16:08:08,00156,力宝华润,LIPPO CHINA RES,,0.8,0.06,8.10811,0.74,0.76,0.8,0.76,124800,98684,0.76,0.8,2025-09-03 08:03:24.662053
2025/09/02 16:08:08,00157,自然美,NATURAL BEAUTY,,0.56,0.0,0.0,0.56,0.0,0.0,0.0,0,0,0.54,0.56,2025-09-03 08:03:24.662053
2025/09/02 16:08:08,00158,万邦投资,MELBOURNE ENT,,62.5,0.0,0.0,62.5,0.0,0.0,0.0,0,0,61.0,0.0,2025-09-03 08:03:24.662053
2025/09/02 16:08:08,00159,布莱克万矿业,BROCKMAN MINING,,0.115,-0.023,-16.66667,0.138,0.132,0.132,0.115,580000,75220,0.115,0.126,2025-09-03 08:03:24.662053
2025/09/02 16:08:06,00160,汉国置业,HON KWOK LAND,,1.1,0.0,0.0,1.1,0.0,0.0,0.0,0,0,1.09,1.12,2025-09-03 08:03:24.662053
2025/09/02 16:08:08,00162,世纪金花,CENTURY GINWA,,0.051,-0.003,-5.55556,0.054,0.051,0.051,0.051,8000,408,0.051,0.054,2025-09-03 08:03:24.662053
2025/09/02 16:08:08,00163,英皇国际,EMPEROR INT'L,,0.178,-0.006,-3.26087,0.184,0.186,0.186,0.178,1140000,204980,0.178,0.18,2025-09-03 08:03:24.662053
2025/09/02 16:08:06,00164,中国宝力科技,CHINA BAOLI TEC,,0.42,0.0,0.0,0.42,0.42,0.42,0.42,40000,16800,0.415,0.43,2025-09-03 08:03:24.662053
2025/09/02 16:08:08,00165,中国光大控股,CHINA EB LTD,,8.57,-0.21,-2.3918,8.78,8.87,8.87,8.46,19785005,170002195,8.56,8.57,2025-09-03 08:03:24.662053
2025/09/02 16:08:08,00166,新时代集团控股,NEW TIMES CORP,,0.041,-0.004,-8.88889,0.045,0.045,0.045,0.04,11081000,454171,0.041,0.043,2025-09-03 08:03:24.662053
2025/09/02 16:08:08,00167,IDT INT'L,IDT INT'L,,0.84,-0.03,-3.44828,0.87,0.89,0.94,0.84,423000,367490,0.82,0.86,2025-09-03 08:03:24.662053
2025/09/02 16:08:06,00168,青岛啤酒股份,TSINGTAO BREW,,50.95,-0.65,-1.25969,51.6,51.85,51.85,50.7,3725359,190246385,50.85,50.95,2025-09-03 08:03:24.662053
2025/09/02 16:08:06,00169,万达酒店发展,WANDA HOTEL DEV,,0.63,0.0,0.0,0.63,0.62,0.64,0.62,1939000,1227110,0.62,0.63,2025-09-03 08:03:24.662053
2025/09/02 16:08:06,00171,银建国际,SILVER GRANT,,0.095,-0.002,-2.06186,0.097,0.097,0.098,0.092,274000,26152,0.095,0.097,2025-09-03 08:03:24.662053
2025/09/02 16:08:06,00173,嘉华国际,K. WAH INT'L,,2.18,-0.03,-1.35746,2.21,2.22,2.23,2.16,1472300,3208830,2.17,2.18,2025-09-03 08:03:24.662053
2025/09/02 16:08:08,00174,盛洋投资,GEMINI INV,,0.3,0.0,0.0,0.3,0.3,0.3,0.3,50000,15000,0.255,0.32,2025-09-03 08:03:24.662053
2025/09/02 16:08:06,00175,吉利汽车,GEELY AUTO,,18.87,-0.25,-1.30753,19.12,19.22,19.4,18.75,53789125,1021385477,18.87,18.88,2025-09-03 08:03:24.662053
2025/09/02 16:08:06,00176,先机企业集团,SUPERACTIVE GP,,0.013,0.0,0.0,0.013,0.0,0.0,0.0,0,0,0.0,0.0,2025-09-03 08:03:24.662053
2025/09/02 16:08:06,00177,江苏宁沪高速公路,JIANGSU EXPRESS,,9.16,-0.11,-1.18663,9.27,9.27,9.27,9.15,4584585,42223803,9.16,9.17,2025-09-03 08:03:24.662053
2025/09/02 16:08:06,00178,莎莎国际,SA SA INT'L,,0.61,0.01,1.66667,0.6,0.61,0.62,0.6,2582000,1574120,0.6,0.61,2025-09-03 08:03:24.662053
2025/09/02 16:08:06,00179,德昌电机控股,JOHNSON ELEC H,,29.34,2.36,8.74722,26.98,27.12,31.46,25.8,28435223,818412996,29.34,29.4,2025-09-03 08:03:24.662053
2025/09/02 16:08:08,00180,开达集团,KADER HOLDINGS,,0.224,0.005,2.28311,0.219,0.0,0.0,0.0,0,0,0.224,0.225,2025-09-03 08:03:24.662053
2025/09/02 16:08:08,00181,闽港控股,FUJIAN HOLDINGS,,0.1,0.0,0.0,0.1,0.0,0.0,0.0,0,0,0.1,0.11,2025-09-03 08:03:24.662053
2025/09/02 16:08:08,00182,协合新能源,CONCORD NE,,0.395,0.0,0.0,0.395,0.395,0.395,0.39,1831169,722955,0.39,0.395,2025-09-03 08:03:24.662053
2025/09/02 16:08:06,00183,宏辉集团,WINFULL GP,,0.191,-0.001,-0.52083,0.192,0.191,0.191,0.191,104000,19864,0.181,0.193,2025-09-03 08:03:24.662053
2025/09/02 16:08:08,00184,激成投资,KECK SENG INV,,2.55,-0.02,-0.77821,2.57,2.57,2.57,2.57,28000,71840,2.5,2.55,2025-09-03 08:03:24.662053
2025/09/02 16:08:06,00185,正商实业,ZENSUN ENT,,0.123,0.0,0.0,0.123,0.0,0.0,0.0,0,0,0.122,0.142,2025-09-03 08:03:24.662053
2025/09/02 16:08:08,00186,敏捷控股,NIMBLE HOLDINGS,,0.194,0.0,0.0,0.194,0.0,0.0,0.0,0,0,0.18,0.194,2025-09-03 08:03:24.662053
2025/09/02 16:08:08,00187,京城机电股份,JINGCHENG MAC,,4.81,-0.08,-1.63599,4.89,4.9,4.9,4.71,4200000,20085700,4.8,4.82,2025-09-03 08:03:24.662053
2025/09/02 16:08:08,00188,新华汇富金融,SUNWAH KINGSWAY,,0.275,0.0,0.0,0.275,0.0,0.0,0.0,0,0,0.27,0.285,2025-09-03 08:03:24.662053
2025/09/02 16:08:06,00189,东岳集团,DONGYUE GROUP,,12.56,-0.41,-3.16114,12.97,12.97,13.15,12.44,11400341,143962780,12.52,12.56,2025-09-03 08:03:24.662053
2025/09/02 16:08:08,00191,丽新国际,LAI SUN INT'L,,0.6,0.03,5.26316,0.57,0.6,0.6,0.6,2000,1180,0.56,0.61,2025-09-03 08:03:24.662053
2025/09/02 16:08:08,00193,冠中地产,CAPITAL ESTATE,,0.218,0.003,1.39535,0.215,0.212,0.226,0.211,1656250,360560,0.216,0.218,2025-09-03 08:03:24.662053
2025/09/02 16:08:08,00194,廖创兴企业,LIU CHONG HING,,4.59,0.0,0.0,4.59,0.0,0.0,0.0,0,0,4.3,4.6,2025-09-03 08:03:24.662053
2025/09/02 16:08:08,00195,绿科科技国际,GREENTECH INTL,,0.28,0.0,0.0,0.28,0.0,0.0,0.0,0,0,0.0,0.0,2025-09-03 08:03:24.662053
2025/09/02 16:08:08,00196,宏华集团,HONGHUA GROUP,,0.244,-0.004,-1.6129,0.248,0.245,0.248,0.244,3605000,889797,0.244,0.248,2025-09-03 08:03:24.662053
2025/09/02 16:08:08,00197,亨泰,HENG TAI,,0.33,-0.02,-5.71428,0.35,0.36,0.365,0.31,940156,309074,0.31,0.33,2025-09-03 08:03:24.662053
2025/09/02 16:08:06,00199,德祥地产,ITC PROPERTIES,,0.221,-0.001,-0.45045,0.222,0.22,0.221,0.215,389000,85850,0.203,0.221,2025-09-03 08:03:24.662053
2025/09/02 16:08:06,00200,新濠国际发展,MELCO INT'L DEV,,5.99,-0.12,-1.964,6.11,6.11,6.15,5.93,9379936,56467065,5.98,5.99,2025-09-03 08:03:24.662053
2025/09/02 16:08:08,00201,华大酒店,MAGNIFICENT,,0.071,-0.002,-2.73972,0.073,0.072,0.072,0.071,273375,19460,0.071,0.075,2025-09-03 08:03:24.662053
2025/09/02 16:08:06,00202,润中国际控股,EVERCHINA INT'L,,0.245,0.014,6.06061,0.231,0.231,0.27,0.231,8325000,2062895,0.238,0.242,2025-09-03 08:03:24.662053
2025/09/02 16:08:08,00204,资本界金控,CAPITAL REALM,,1.0,0.01,1.0101,0.99,1.0,1.0,0.97,275000,268600,0.98,1.0,2025-09-03 08:03:24.662053
2025/09/02 16:08:08,00205,财讯传媒,SEEC MEDIA,,0.3,0.01,3.44828,0.29,0.0,0.0,0.0,0,0,0.3,0.33,2025-09-03 08:03:24.662053
2025/09/02 16:08:08,00206,华商能源,CM-ENERGY,,0.275,0.01,3.77359,0.265,0.27,0.28,0.27,961000,262980,0.27,0.275,2025-09-03 08:03:24.662053
2025/09/02 16:08:06,00207,大悦城地产,JOY CITY PPT,,0.55,0.01,1.85185,0.54,0.54,0.55,0.53,26552000,14331680,0.54,0.55,2025-09-03 08:03:24.662053
2025/09/02 16:08:06,00209,瀛晟科学,WINSHINE SCI,,0.53,-0.02,-3.63637,0.55,0.52,0.55,0.5,310000,161500,0.52,0.55,2025-09-03 08:03:24.662053
2025/09/02 16:08:08,00210,达芙妮国际,DAPHNE INT'L,,0.49,-0.03,-5.76923,0.52,0.52,0.52,0.49,756000,378160,0.49,0.495,2025-09-03 08:03:24.662053
2025/09/02 16:08:06,00211,STYLAND HOLD,STYLAND HOLD,,0.285,0.005,1.78571,0.28,0.27,0.285,0.265,450000,123800,0.27,0.285,2025-09-03 08:03:24.662053
2025/09/02 16:08:06,00212,NANYANG HOLD,NANYANG HOLD,,27.0,0.0,0.0,27.0,0.0,0.0,0.0,0,0,26.86,27.5,2025-09-03 08:03:24.662053
2025/09/02 16:08:08,00213,NATIONAL ELEC H,NATIONAL ELEC H,,0.375,0.0,0.0,0.375,0.0,0.0,0.0,0,0,0.37,0.38,2025-09-03 08:03:24.662053
2025/09/02 16:08:08,00214,汇汉控股,ASIA ORIENT,,0.315,-0.005,-1.5625,0.32,0.31,0.31,0.31,5024,1536,0.315,0.355,2025-09-03 08:03:24.662053
2025/09/02 16:08:08,00215,和记电讯香港,HUTCHTEL HK,,1.11,0.01,0.90909,1.1,1.1,1.11,1.1,2164000,2395080,1.1,1.11,2025-09-03 08:03:24.662053
2025/09/02 16:08:08,00216,建业实业,CHINNEY INV,,0.64,0.01,1.5873,0.63,0.64,0.64,0.64,140000,89600,0.63,0.65,2025-09-03 08:03:24.662053
2025/09/02 16:08:08,00217,中国诚通发展集团,CHINA CHENGTONG,,0.144,-0.008,-5.26316,0.152,0.147,0.157,0.142,8028000,1160954,0.143,0.144,2025-09-03 08:03:24.662053
2025/09/02 16:08:08,00218,申万宏源香港,SWHYHK,,1.89,-0.03,-1.5625,1.92,1.93,1.94,1.89,2190000,4176450,1.89,1.92,2025-09-03 08:03:24.662053
2025/09/02 16:08:08,00219,顺豪物业,SHUNHO PROPERTY,,0.58,-0.01,-1.69492,0.59,0.57,0.57,0.57,4728,2673,0.58,0.6,2025-09-03 08:03:24.662053
2025/09/02 16:08:06,00220,统一企业中国,U-PRESID CHINA,,9.59,-0.04,-0.41537,9.63,9.66,9.69,9.49,5443000,52028969,9.56,9.59,2025-09-03 08:03:24.662053
2025/09/02 16:08:06,00222,闽信集团,MIN XIN HOLD,,3.28,-0.03,-0.90635,3.31,3.3,3.3,3.28,14400,47120,2.91,3.28,2025-09-03 08:03:24.662053
2025/09/02 16:08:08,00223,易生活控股,ELIFE HLDGS,,0.109,0.0,0.0,0.109,0.0,0.0,0.0,0,0,0.0,0.0,2025-09-03 08:03:24.662053
2025/09/02 16:08:06,00224,建生国际,PIONEER GLOBAL,,0.65,0.0,0.0,0.65,0.0,0.0,0.0,0,0,0.64,0.65,2025-09-03 08:03:24.662053
2025/09/02 16:08:08,00225,博富临置业,POKFULAM,,5.57,0.0,0.0,5.57,0.0,0.0,0.0,0,0,5.5,5.7,2025-09-03 08:03:24.662053
2025/09/02 16:08:06,00226,力宝,LIPPO,,0.69,0.0,0.0,0.69,0.0,0.0,0.0,0,0,0.0,0.0,2025-09-03 08:03:24.662053
2025/09/02 16:08:06,00227,第一上海,FIRST SHANGHAI,,0.365,0.0,0.0,0.365,0.365,0.365,0.36,480000,173760,0.36,0.37,2025-09-03 08:03:24.662053
2025/09/02 16:08:08,00228,中能控股,CHINA ENERGY,,0.035,0.001,2.94118,0.034,0.034,0.035,0.034,28702000,982120,0.034,0.035,2025-09-03 08:03:24.662053
2025/09/02 16:08:08,00229,利民实业,RAYMOND IND,,0.95,-0.01,-1.04167,0.96,0.96,0.98,0.95,190000,182150,0.94,0.97,2025-09-03 08:03:24.662053
2025/09/02 16:08:08,00230,五矿地产,MINMETALS LAND,,0.36,0.0,0.0,0.36,0.0,0.0,0.0,0,0,0.36,0.37,2025-09-03 08:03:24.662053
2025/09/02 16:08:06,00232,大陆航空科技控股,CON AERO TECH,,0.157,0.007,4.66667,0.15,0.15,0.16,0.149,64523985,10015311,0.155,0.157,2025-09-03 08:03:24.662053
2025/09/02 16:08:08,00234,新世纪集团,NEW CENTURY GP,,0.035,0.0,0.0,0.035,0.036,0.037,0.035,2520000,91704,0.036,0.037,2025-09-03 08:03:24.662053
2025/09/02 16:08:08,00235,中策资本控股,CSC HOLDINGS,,0.028,0.0,0.0,0.028,0.028,0.028,0.026,15050000,405140,0.026,0.027,2025-09-03 08:03:24.662053
2025/09/02 16:08:06,00236,香港生力啤,SAN MIGUEL HK,,1.2,0.0,0.0,1.2,0.0,0.0,0.0,0,0,1.2,1.23,2025-09-03 08:03:24.662053
2025/09/02 16:08:08,00237,安全货仓,SAFETY GODOWN,,2.1,-0.13,-5.8296,2.23,2.23,2.23,2.1,4000,8660,2.1,2.17,2025-09-03 08:03:24.662053
2025/09/02 16:08:08,00239,白花油,PAK FAH YEOW,,2.4,0.0,0.0,2.4,2.4,2.43,2.4,25000,60550,2.36,2.4,2025-09-03 08:03:24.662053
2025/09/02 16:08:06,00240,利基控股,BUILD KING HOLD,,1.34,0.0,0.0,1.34,1.34,1.34,1.33,460000,615000,1.33,1.34,2025-09-03 08:03:24.662053
2025/09/02 16:08:06,00241,阿里健康,ALI HEALTH,,6.11,0.27,4.62329,5.84,5.9,6.25,5.84,297867924,1808517471,6.1,6.11,2025-09-03 08:03:24.662053
2025/09/02 16:08:08,00242,信德集团,SHUN TAK HOLD,,0.71,-0.02,-2.73973,0.73,0.72,0.73,0.71,1399250,1001725,0.71,0.72,2025-09-03 08:03:24.662053
2025/09/02 16:08:08,00243,QPL INT'L,QPL INT'L,,0.395,-0.005,-1.25,0.4,0.42,0.42,0.395,201208,82545,0.395,0.405,2025-09-03 08:03:24.662053
2025/09/02 16:08:08,00244,先施,SINCERE,,0.35,0.0,0.0,0.35,0.0,0.0,0.0,0,0,0.31,0.365,2025-09-03 08:03:24.662053
2025/09/02 16:08:06,00245,中薇金融,CHINA VERED FIN,,1.08,0.06,5.88236,1.02,1.0,1.16,0.99,5300525,5552547,1.08,1.1,2025-09-03 08:03:24.662053
2025/09/02 16:08:06,00247,TST PROPERTIES,TST PROPERTIES,,19.8,0.0,0.0,19.8,0.0,0.0,0.0,0,0,19.08,20.0,2025-09-03 08:03:24.662053
2025/09/02 16:08:08,00248,香港通讯国际控股,HKC INT'L HOLD,,0.032,0.0,1e-05,0.032,0.031,0.032,0.031,232000,7224,0.03,0.032,2025-09-03 08:03:24.662053
2025/09/02 16:08:06,00251,爪哇控股,SEA HOLDINGS,,1.35,0.0,0.0,1.35,0.0,0.0,0.0,0,0,1.26,1.37,2025-09-03 08:03:24.662053
2025/09/02 16:08:08,00252,华信地产财务,SE ASIA PPT,,1.58,0.0,0.0,1.58,0.0,0.0,0.0,0,0,1.44,1.61,2025-09-03 08:03:24.662053
2025/09/02 16:08:06,00253,顺豪控股,SHUNHO HOLDINGS,,0.59,-0.02,-3.27869,0.61,0.59,0.59,0.59,10000,5900,0.59,0.64,2025-09-03 08:03:24.662053
2025/09/02 16:08:08,00254,国家联合资源－新,NUR HOLD-NEW,,0.33,0.0,0.0,0.33,0.33,0.33,0.33,288900,94922,0.3,0.33,2025-09-03 08:03:24.662053
2025/09/02 16:08:08,00255,龙记集团,LUNG KEE,,1.72,-0.03,-1.71428,1.75,1.75,1.75,1.72,40000,69040,1.71,1.72,2025-09-03 08:03:24.662053
2025/09/02 16:08:08,00256,冠城钟表珠宝,CITYCHAMP,,0.315,-0.005,-1.5625,0.32,0.315,0.335,0.315,112208000,36009230,0.315,0.32,2025-09-03 08:03:24.662053
2025/09/02 16:08:08,00257,光大环境,EB ENVIRONMENT,,4.3,-0.04,-0.92166,4.34,4.35,4.37,4.25,16586194,71178144,4.29,4.3,2025-09-03 08:03:24.662053
2025/09/02 16:08:06,00258,汤臣集团,TOMSON GROUP,,3.03,-0.04,-1.30293,3.07,3.07,3.16,3.03,981000,3011060,3.03,3.06,2025-09-03 08:03:24.662053
2025/09/02 16:08:08,00259,亿都（国际控股）,YEEBO (INT'L H),,3.94,-0.05,-1.25313,3.99,3.98,4.15,3.82,4708000,18801820,3.88,3.94,2025-09-03 08:03:24.662053
2025/09/02 16:08:08,00261,ＧＢＡ集团,GBA HOLDINGS,,0.229,-0.004,-1.71674,0.233,0.233,0.246,0.228,233040,55181,0.231,0.246,2025-09-03 08:03:24.662053
2025/09/02 16:08:06,00262,迪臣发展国际,DESON DEV INT'L,,0.068,0.0,1e-05,0.068,0.068,0.068,0.068,20000,1360,0.066,0.072,2025-09-03 08:03:24.662053
2025/09/02 16:08:06,00264,中联发展控股,CN INT DEV CORP,,2.36,-0.83,-26.01881,3.19,3.19,3.19,1.96,22908000,56529280,2.31,2.36,2025-09-03 08:03:24.662053
2025/09/02 16:08:08,00265,港誉智慧城市服务,GANGYU SERVICES,,0.99,-0.21,-17.5,1.2,1.15,1.15,0.99,44520,50399,0.99,1.15,2025-09-03 08:03:24.662053
2025/09/02 16:08:08,00266,天德地产,TIAN TECK LAND,,2.03,-0.04,-1.93237,2.07,2.01,2.01,2.01,2532,5068,2.02,2.2,2025-09-03 08:03:24.662053
2025/09/02 16:08:08,00267,中信股份,CITIC,,11.14,-0.14,-1.24113,11.28,11.29,11.3,11.12,20279498,227011861,11.13,11.14,2025-09-03 08:03:24.662053
2025/09/02 16:08:08,00268,金蝶国际,KINGDEE INT'L,,15.54,-0.64,-3.9555,16.18,16.18,16.38,15.42,47971600,754917022,15.53,15.54,2025-09-03 08:03:24.662053
2025/09/02 16:08:06,00269,中国资源交通,CRTG,,0.01,-0.001,-9.09091,0.011,0.01,0.011,0.01,136005000,1361050,0.01,0.011,2025-09-03 08:03:24.662053
2025/09/02 16:08:06,00270,粤海投资,GUANGDONG INV,,7.22,-0.08,-1.09589,7.3,7.3,7.33,7.18,9916878,71654726,7.22,7.23,2025-09-03 08:03:24.662053
2025/09/02 16:08:08,00271,亚证地产,ASIASEC PPT,,0.164,0.0,0.0,0.164,0.0,0.0,0.0,0,0,0.158,0.164,2025-09-03 08:03:24.662053
2025/09/02 16:08:06,00272,瑞安房地产,SHUI ON LAND,,0.75,-0.01,-1.31579,0.76,0.76,0.77,0.75,13443318,10158345,0.75,0.76,2025-09-03 08:03:24.662053
2025/09/02 16:08:08,00274,复兴亚洲,RA SILK ROAD,,0.49,0.0,0.0,0.49,0.0,0.0,0.0,0,0,0.0,0.0,2025-09-03 08:03:24.662053
2025/09/02 16:08:08,00276,蒙古能源,MONGOLIA ENERGY,,0.68,0.0,0.0,0.68,0.0,0.0,0.0,1550,986,0.68,0.71,2025-09-03 08:03:24.662053
2025/09/02 16:08:06,00277,太兴置业,TERN PROPERTIES,,1.72,-0.066,-3.69541,1.786,0.0,0.0,0.0,0,0,1.55,1.72,2025-09-03 08:03:24.662053
2025/09/02 16:08:08,00279,裕承科金,ARTA TECHFIN,,0.86,0.0,0.0,0.86,0.86,0.87,0.85,632760,544423,0.84,0.86,2025-09-03 08:03:24.662053
2025/09/02 16:08:08,00280,景福集团,KING FOOK HOLD,,0.5,0.0,0.0,0.5,0.51,0.51,0.495,438000,218980,0.5,0.51,2025-09-03 08:03:24.662053
2025/09/02 16:08:06,00285,比亚迪电子,BYD ELECTRONIC,,43.26,-0.84,-1.90477,44.1,44.12,46.7,42.86,54803971,2430993123,43.24,43.26,2025-09-03 08:03:24.662053
2025/09/02 16:08:08,00286,爱帝宫,AIDIGONG,,1.31,0.0,0.0,1.31,0.0,0.0,0.0,0,0,0.0,0.0,2025-09-03 08:03:24.662053
2025/09/02 16:08:08,00287,永发置业,WINFAIR INV,,4.3,0.0,0.0,4.3,0.0,0.0,0.0,0,0,4.15,4.7,2025-09-03 08:03:24.662053
2025/09/02 16:08:08,00288,万洲国际,WH GROUP,,8.45,0.05,0.59524,8.4,8.43,8.5,8.38,25500072,215491604,8.44,8.45,2025-09-03 08:03:24.662053
2025/09/02 16:08:06,00289,WING ON CO,WING ON CO,,12.75,0.0,0.0,12.75,12.6,12.75,12.6,5000,63450,12.75,12.88,2025-09-03 08:03:24.662053
2025/09/02 16:08:08,00290,国富量子,GOFINTECH QUANT,,2.04,0.02,0.9901,2.02,2.03,2.1,1.9,11025800,21738306,2.03,2.04,2025-09-03 08:03:24.662053
2025/09/02 16:08:08,00291,华润啤酒,CHINA RES BEER,,27.84,-0.11,-0.39356,27.95,27.9,28.26,27.78,6231271,174395937,27.82,27.84,2025-09-03 08:03:24.662053
2025/09/02 16:08:08,00293,国泰航空,CATHAY PAC AIR,,10.79,0.07,0.65299,10.72,10.8,10.84,10.72,7001670,75587808,10.78,10.79,2025-09-03 08:03:24.662053
2025/09/02 16:08:08,00294,长江制衣,YANGTZEKIANG,,0.93,0.0,0.0,0.93,0.0,0.0,0.0,0,0,0.88,1.04,2025-09-03 08:03:24.662053
2025/09/02 16:08:06,00295,江山控股,KONG SUN HOLD,,0.02,0.001,5.26316,0.019,0.018,0.02,0.018,5575000,102375,0.018,0.02,2025-09-03 08:03:24.662053
2025/09/02 16:08:06,00296,英皇娱乐酒店,EMPEROR E HOTEL,,0.26,-0.005,-1.8868,0.265,0.26,0.26,0.26,109450,28368,0.26,0.265,2025-09-03 08:03:24.662053
2025/09/02 16:08:08,00297,中化化肥,SINOFERT,,1.36,-0.03,-2.15827,1.39,1.39,1.41,1.35,29968934,41108028,1.36,1.37,2025-09-03 08:03:24.662053
2025/09/02 16:08:08,00298,庄士中国,CHUANG'S CHINA,,0.129,0.0,-1e-05,0.129,0.128,0.129,0.128,1210000,155780,0.128,0.134,2025-09-03 08:03:24.662053
2025/09/02 16:08:06,00299,宝新置地,GLORY SUN LAND,,0.106,0.0,0.0,0.106,0.0,0.0,0.0,0,0,0.0,0.0,2025-09-03 08:03:24.662053
2025/09/02 16:08:06,00300,美的集团,MIDEA GROUP,,86.8,2.9,3.4565,83.9,84.85,87.8,84.1,10295120,890193682,86.75,86.8,2025-09-03 08:03:24.662053
2025/09/02 16:08:06,00301,三和精化,SANVO CHEMICALS,,1.28,-0.04,-3.03031,1.32,1.29,1.29,1.28,34000,43580,1.23,1.29,2025-09-03 08:03:24.662053
2025/09/02 16:08:06,00302,中手游,CMGE,,0.465,-0.015,-3.125,0.48,0.47,0.475,0.46,3032000,1415910,0.465,0.47,2025-09-03 08:03:24.662053
2025/09/02 16:08:06,00303,VTECH HOLDINGS,VTECH HOLDINGS,,61.3,-1.55,-2.46619,62.85,62.85,62.85,61.0,515100,31635526,61.25,61.3,2025-09-03 08:03:24.662053
2025/09/02 16:08:08,00305,五菱汽车,WULING MOTORS,,0.63,-0.03,-4.54546,0.66,0.66,0.66,0.62,8480000,5419300,0.63,0.64,2025-09-03 08:03:24.662053
2025/09/02 16:08:08,00306,冠忠巴士集团,KWOON CHUNG BUS,,2.48,0.04,1.63935,2.44,2.51,2.52,2.51,6000,15100,2.4,2.48,2025-09-03 08:03:24.662053
2025/09/02 16:08:08,00308,香港中旅,CHINA TRAVEL HK,,1.48,-0.03,-1.98675,1.51,1.51,1.52,1.48,20150000,30054560,1.48,1.49,2025-09-03 08:03:24.662053
2025/09/02 16:08:08,00309,新华通讯频媒,XH NEWS MEDIA,,0.049,0.0,0.0,0.049,0.0,0.0,0.0,0,0,0.0,0.0,2025-09-03 08:03:24.662053
2025/09/02 16:08:08,00310,嘉进投资国际,PROSP INV HOLD,,0.1,0.0,0.0,0.1,0.0,0.0,0.0,0,0,0.0,0.0,2025-09-03 08:03:24.662053
2025/09/02 16:08:06,00311,联泰控股,LUEN THAI,,0.239,0.033,16.01941,0.206,0.206,0.24,0.206,108000,23030,0.206,0.239,2025-09-03 08:03:24.662053
2025/09/02 16:08:06,00312,岁宝百货,SHIRBLE STORE,,0.097,0.0,0.0,0.097,0.098,0.098,0.097,198000,19374,0.097,0.104,2025-09-03 08:03:24.662053
2025/09/02 16:08:08,00313,裕田中国,RICHLY FIELD,,0.08,0.005,6.66666,0.075,0.077,0.08,0.077,798000,62907,0.08,0.089,2025-09-03 08:03:24.662053
2025/09/02 16:08:08,00314,思派健康,SIPAI HEALTH,,5.23,0.04,0.77071,5.19,5.19,5.3,5.08,4633200,24060198,5.22,5.23,2025-09-03 08:03:24.662053
2025/09/02 16:08:08,00315,数码通电讯,SMARTONE TELE,,4.65,0.02,0.43197,4.63,4.65,4.65,4.6,841014,3885263,4.63,4.65,2025-09-03 08:03:24.662053
2025/09/02 16:08:08,00316,东方海外国际,OOIL,,137.8,0.9,0.65742,136.9,136.9,138.9,136.9,1369942,188612587,137.5,137.8,2025-09-03 08:03:24.662053
2025/09/02 16:08:08,00317,中船防务,COMEC,,16.11,-0.44,-2.65861,16.55,16.6,16.65,15.94,5144000,82965500,16.11,16.12,2025-09-03 08:03:24.662053
2025/09/02 16:08:08,00318,黄河实业,VONGROUP,,0.4,0.0,0.0,0.4,0.0,0.0,0.0,0,0,0.35,0.42,2025-09-03 08:03:24.662053
2025/09/02 16:08:08,00320,金宝通,COMPUTIME,,0.66,0.01,1.53847,0.65,0.65,0.67,0.64,294000,191680,0.66,0.67,2025-09-03 08:03:24.662053
2025/09/02 16:08:08,00321,德永佳集团,TEXWINCA HOLD,,0.79,-0.02,-2.46913,0.81,0.8,0.82,0.79,824000,661580,0.79,0.8,2025-09-03 08:03:24.662053
2025/09/02 16:08:08,00322,康师傅控股,TINGYI,,11.15,-0.02,-0.17905,11.17,11.2,11.21,11.06,5243917,58457724,11.13,11.15,2025-09-03 08:03:24.662053
2025/09/02 16:08:08,00323,马鞍山钢铁股份,MAANSHAN IRON,,2.37,-0.08,-3.26531,2.45,2.45,2.45,2.35,14990000,35737150,2.36,2.37,2025-09-03 08:03:24.662053
2025/09/02 16:08:08,00325,布鲁可,BLOKS,,101.6,-1.4,-1.35923,103.0,104.7,104.8,100.4,547800,55581843,101.6,101.8,2025-09-03 08:03:24.662053
2025/09/02 16:08:08,00326,中国星集团,CHINA STAR ENT,,2.14,-0.12,-5.30973,2.26,2.25,2.25,2.12,3392000,7413701,2.14,2.16,2025-09-03 08:03:24.662053
2025/09/02 16:08:06,00327,百富环球,PAX GLOBAL,,6.32,-0.05,-0.78493,6.37,6.38,6.45,6.26,3360000,21260398,6.32,6.33,2025-09-03 08:03:24.662053
2025/09/02 16:08:08,00328,ALCO HOLDINGS,ALCO HOLDINGS,,1.16,0.03,2.65486,1.13,1.19,1.22,1.03,6068000,6937980,1.16,1.17,2025-09-03 08:03:24.662053
2025/09/02 16:08:08,00329,东建国际,OCI INTL,,0.38,0.015,4.10959,0.365,0.37,0.4,0.37,2036000,784740,0.38,0.39,2025-09-03 08:03:24.662053
2025/09/02 16:08:08,00331,丰盛生活服务,FSE LIFESTYLE,,6.0,0.0,0.0,6.0,6.06,6.07,5.96,62000,371400,5.98,6.0,2025-09-03 08:03:24.662053
2025/09/02 16:08:08,00332,元亨燃气,YUANHENG GAS,,0.019,-0.001,-5.0,0.02,0.019,0.02,0.019,1604000,30932,0.019,0.02,2025-09-03 08:03:24.662053
2025/09/02 16:08:08,00333,黛丽斯国际,TOP FORM INT'L,,0.3,0.0,0.0,0.3,0.0,0.0,0.0,28000,8400,0.3,0.32,2025-09-03 08:03:24.662053
2025/09/02 16:08:08,00334,华显光电,CH DISPLAY OPT,,0.385,0.02,5.47945,0.365,0.365,0.4,0.36,4835455,1825558,0.39,0.395,2025-09-03 08:03:24.662053
2025/09/02 16:08:08,00335,美建集团,UPBEST GROUP,,0.68,0.005,0.74074,0.675,0.69,0.69,0.67,152000,103840,0.68,0.69,2025-09-03 08:03:24.662053
2025/09/02 16:08:08,00336,华宝国际,HUABAO INTL,,4.17,-0.12,-2.7972,4.29,4.32,4.32,4.1,12305000,51222560,4.16,4.17,2025-09-03 08:03:24.662053
2025/09/02 16:08:08,00337,绿地香港,GREENLAND HK,,0.222,-0.005,-2.20264,0.227,0.227,0.228,0.222,463000,104018,0.222,0.23,2025-09-03 08:03:24.662053
2025/09/02 16:08:08,00338,上海石油化工股份,SHANGHAI PECHEM,,1.33,-0.01,-0.74627,1.34,1.35,1.35,1.32,11544000,15335778,1.32,1.33,2025-09-03 08:03:24.662053
2025/09/02 16:08:08,00339,中国科创产业投资,CN SCI-TECH IND,,0.247,-0.001,-0.40323,0.248,0.0,0.0,0.0,0,0,0.0,0.247,2025-09-03 08:03:24.662053
2025/09/02 16:08:08,00340,潼关黄金,TONGGUAN GOLD,,2.29,-0.03,-1.29311,2.32,2.35,2.42,2.24,39307000,91254480,2.27,2.29,2025-09-03 08:03:24.662053
2025/09/02 16:08:06,00341,大家乐集团,CAFE DE CORAL H,,6.91,-0.04,-0.57554,6.95,6.93,6.99,6.9,822000,5679876,6.9,6.93,2025-09-03 08:03:24.662053
2025/09/02 16:08:08,00343,文化传信,CULTURECOM HOLD,,0.16,0.001,0.62893,0.159,0.162,0.169,0.152,2405000,379755,0.159,0.161,2025-09-03 08:03:24.662053
2025/09/02 16:08:08,00345,VITASOY INT'L,VITASOY INT'L,,9.17,0.01,0.10917,9.16,9.16,9.29,9.14,3440000,31553700,9.17,9.18,2025-09-03 08:03:24.662053
2025/09/02 16:08:08,00346,延长石油国际,YANCHANG PETRO,,0.415,0.005,1.21951,0.41,0.41,0.41,0.41,77500,31710,0.415,0.42,2025-09-03 08:03:24.662053
2025/09/02 16:08:08,00347,鞍钢股份,ANGANG STEEL,,2.12,-0.07,-3.19635,2.19,2.19,2.2,2.1,6238947,13296659,2.12,2.13,2025-09-03 08:03:24.662053
2025/09/02 16:08:08,00348,中国智能健康,CHINAHEALTHWISE,,0.171,-0.001,-0.58139,0.172,0.0,0.0,0.0,0,0,0.1,0.171,2025-09-03 08:03:24.662053
2025/09/02 16:08:08,00351,亚洲能源物流,ASIA ENERGY LOG,,0.335,0.025,8.06452,0.31,0.35,0.385,0.315,410200,142114,0.335,0.345,2025-09-03 08:03:24.662053
2025/09/02 16:08:08,00352,富阳,FORTUNE SUN,,0.54,0.235,77.04919,0.305,0.33,0.56,0.33,44916150,21351849,0.54,0.55,2025-09-03 08:03:24.662053
2025/09/02 16:08:08,00353,能源国际投资,ENERGY INTINV,,0.335,-0.005,-1.47059,0.34,0.34,0.345,0.335,683820,233923,0.335,0.34,2025-09-03 08:03:24.662053
2025/09/02 16:08:08,00354,中国软件国际,CHINASOFT INT'L,,6.06,-0.31,-4.86656,6.37,6.42,6.43,6.05,70404085,432884525,6.06,6.07,2025-09-03 08:03:24.662053
2025/09/02 16:08:08,00355,世纪城市国际,CENTURY C INT'L,,0.081,0.009,12.5,0.072,0.075,0.09,0.074,71654500,5998122,0.08,0.081,2025-09-03 08:03:24.662053
2025/09/02 16:08:08,00356,鼎立资本,DT CAPITAL,,0.07,0.0,0.0,0.07,0.0,0.0,0.0,0,0,0.07,0.073,2025-09-03 08:03:24.662053
2025/09/02 16:08:08,00357,美兰空港,MEILAN AIRPORT,,10.39,0.01,0.09634,10.38,10.4,10.42,10.33,1409000,14614775,10.39,10.4,2025-09-03 08:03:24.662053
2025/09/02 16:08:08,00358,江西铜业股份,JIANGXI COPPER,,23.34,-0.5,-2.09732,23.84,24.02,24.3,22.94,26009845,611885569,23.32,23.34,2025-09-03 08:03:24.662053
2025/09/02 16:08:08,00360,新焦点,NEW FOCUS AUTO,,0.053,0.0,0.0,0.053,0.053,0.053,0.052,1344000,71128,0.051,0.053,2025-09-03 08:03:24.662053
2025/09/02 16:08:08,00361,顺龙控股,SINO GOLF HOLD,,0.03,-0.001,-3.22581,0.031,0.03,0.031,0.03,2960000,89360,0.03,0.031,2025-09-03 08:03:24.662053
2025/09/02 16:08:08,00362,中国天化工,C ZENITH CHEM,,0.015,0.0,0.0,0.015,0.0,0.0,0.0,0,0,0.0,0.0,2025-09-03 08:03:24.662053
2025/09/02 16:08:08,00363,上海实业控股,SHANGHAI IND H,,14.11,-0.19,-1.32867,14.3,14.2,14.27,14.11,871223,12353760,14.1,14.11,2025-09-03 08:03:24.662053
2025/09/02 16:08:08,00365,芯成科技,SINO ICT,,0.295,-0.01,-3.27869,0.305,0.3,0.315,0.29,460000,137860,0.285,0.3,2025-09-03 08:03:24.662053
2025/09/02 16:08:08,00366,陆氏集团（越南）,LUKS GROUP (VN),,1.04,0.0,0.0,1.04,0.0,0.0,0.0,0,0,0.99,1.04,2025-09-03 08:03:24.662053
2025/09/02 16:08:08,00367,庄士机构国际,CHUANG'S INT'L,,0.35,0.0,0.0,0.35,0.36,0.36,0.35,108000,38720,0.35,0.36,2025-09-03 08:03:24.662053
2025/09/02 16:08:08,00368,德合集团,SUPERLAND GROUP,,0.315,0.0,0.0,0.315,0.0,0.0,0.0,0,0,0.31,0.36,2025-09-03 08:03:24.662053
2025/09/02 16:08:08,00369,永泰地产,WING TAI PPT,,1.67,-0.01,-0.59524,1.68,1.67,1.67,1.67,20000,33400,1.63,1.68,2025-09-03 08:03:24.662053
2025/09/02 16:08:08,00370,港仔机器人,HK ROBOTICS,,1.45,-0.03,-2.02702,1.48,1.49,1.51,1.44,4212000,6181620,1.45,1.47,2025-09-03 08:03:24.662053
2025/09/02 16:08:08,00371,北控水务集团,BJ ENT WATER,,2.62,-0.01,-0.38023,2.63,2.62,2.63,2.57,25779703,66970715,2.61,2.62,2025-09-03 08:03:24.662053
2025/09/02 16:08:08,00372,保德国际发展,PT INTL DEV,,0.175,-0.001,-0.56818,0.176,0.0,0.0,0.0,0,0,0.0,0.175,2025-09-03 08:03:24.662053
2025/09/02 16:08:08,00373,联合集团,ALLIED GROUP,,2.24,-0.07,-3.0303,2.31,2.35,2.35,2.24,522000,1195200,2.24,2.27,2025-09-03 08:03:24.662053
2025/09/02 16:08:08,00374,四洲集团,FOUR SEAS MER,,2.5,0.055,2.24949,2.445,0.0,0.0,0.0,0,0,2.5,2.7,2025-09-03 08:03:24.662053
2025/09/02 16:08:08,00375,YGM TRADING,YGM TRADING,,1.0,-0.02,-1.96078,1.02,1.0,1.0,1.0,30000,30000,1.0,1.08,2025-09-03 08:03:24.662053
2025/09/02 16:08:08,00376,云锋金融,YUNFENG FIN,,3.67,0.32,9.55224,3.35,3.85,3.99,3.55,68221100,252984277,3.66,3.67,2025-09-03 08:03:24.662053
2025/09/02 16:08:08,00377,中国华君,CHINA HUAJUN GP,,1.25,0.1,8.69565,1.15,1.25,1.25,1.25,4480,5600,1.15,1.25,2025-09-03 08:03:24.662053
2025/09/02 16:08:08,00379,恒嘉融资租赁,EG LEASING,,0.08,-0.006,-6.97675,0.086,0.08,0.08,0.08,62000,4946,0.08,0.085,2025-09-03 08:03:24.662053
2025/09/02 16:08:08,00380,中国管业,CHINA PIPE,,0.17,0.006,3.65854,0.164,0.164,0.17,0.16,1656000,271744,0.166,0.17,2025-09-03 08:03:24.662053
2025/09/02 16:08:08,00381,权识国际,AOM INT'L,,0.365,0.0,0.0,0.365,0.365,0.37,0.355,921000,332850,0.355,0.375,2025-09-03 08:03:24.662053
2025/09/02 16:08:08,00382,中汇集团,EDVANTAGE GROUP,,1.62,0.02,1.25,1.6,1.61,1.62,1.6,442000,711600,1.6,1.63,2025-09-03 08:03:24.662053
2025/09/02 16:08:08,00383,天安卓健,TIANAN MEDICARE,,0.95,0.05,5.55555,0.9,0.95,0.95,0.95,20000,19000,0.91,0.99,2025-09-03 08:03:24.662053
2025/09/02 16:08:08,00384,中国燃气,CHINA GAS HOLD,,7.7,-0.03,-0.3881,7.73,7.74,7.77,7.63,3067641,23605894,7.69,7.7,2025-09-03 08:03:24.662053
2025/09/02 16:08:08,00385,建联集团,CHINNEY ALLI,,0.4,0.005,1.26582,0.395,0.4,0.4,0.4,200000,80000,0.395,0.435,2025-09-03 08:03:24.662053
2025/09/02 16:08:06,00386,中国石油化工股份,SINOPEC CORP,,4.33,0.03,0.69767,4.3,4.29,4.36,4.27,111278513,481482553,4.32,4.33,2025-09-03 08:03:24.662053
2025/09/02 16:08:08,00387,力丰（集团）,LEEPORT(HOLD),,0.9,0.05,5.88235,0.85,0.89,0.91,0.89,52000,46800,0.85,0.9,2025-09-03 08:03:24.662053
2025/09/02 16:08:08,00388,香港交易所,HKEX,,443.60001,-4.39999,-0.98214,448.0,448.0,450.0,440.6,4027458,1791423873,443.39999,443.60001,2025-09-03 08:03:24.662053
2025/09/02 16:08:08,00389,通天酒业,TONTINE WINES,,0.43,0.0,0.0,0.43,0.0,0.0,0.0,0,0,0.0,0.0,2025-09-03 08:03:24.662053
2025/09/02 16:08:08,00390,中国中铁,CHINA RAILWAY,,3.77,-0.07,-1.82292,3.84,3.85,3.88,3.73,64175126,242186062,3.76,3.77,2025-09-03 08:03:24.662053
2025/09/02 16:08:08,00391,美亚娱乐资讯,MEI AH ENTER,,0.096,-0.001,-1.03093,0.097,0.096,0.096,0.096,100000,9600,0.093,0.096,2025-09-03 08:03:24.662053
2025/09/02 16:08:06,00392,北京控股,BEIJING ENT,,32.88,-0.16,-0.48426,33.04,32.9,33.14,32.68,568033,18680455,32.86,32.88,2025-09-03 08:03:24.662053
2025/09/02 16:08:08,00393,旭日企业,GLORIOUS SUN,,1.29,-0.01,-0.76923,1.3,1.28,1.29,1.27,64000,82240,1.27,1.29,2025-09-03 08:03:24.662053
2025/09/02 16:08:08,00396,兴利（香港）控股,HING LEE (HK),,0.119,0.003,2.58621,0.116,0.119,0.12,0.119,178000,21330,0.111,0.119,2025-09-03 08:03:24.662053
2025/09/02 16:08:08,00397,嬴集团,MINERVA GROUP,,0.062,0.0,0.0,0.062,0.062,0.062,0.057,21545025,1333101,0.06,0.062,2025-09-03 08:03:24.662053
2025/09/02 16:08:08,00398,东方表行集团,ORIENTAL WATCH,,3.5,0.02,0.57471,3.48,3.48,3.51,3.48,832000,2910120,3.49,3.5,2025-09-03 08:03:24.662053
2025/09/02 16:08:08,00399,领航医药生物科技,INNOVATIVE PHAR,,0.53,-0.01,-1.85186,0.54,0.54,0.54,0.52,6430000,3410850,0.53,0.54,2025-09-03 08:03:24.662053
2025/09/02 16:08:08,00400,硬蛋创新,INGDAN,,2.5,0.01,0.40161,2.49,2.51,2.55,2.39,11957000,29486880,2.49,2.51,2025-09-03 08:03:24.662053
2025/09/02 16:08:08,00401,万嘉集团,WANJIA GROUP,,0.097,0.0,0.0,0.097,0.0,0.0,0.0,0,0,0.088,0.097,2025-09-03 08:03:24.662053
2025/09/02 16:08:08,00403,星光集团,STARLITE HOLD,,0.198,0.0,0.0,0.198,0.0,0.0,0.0,0,0,0.197,0.202,2025-09-03 08:03:24.662053
2025/09/02 16:08:08,00406,有利集团,YAU LEE HOLD,,0.72,0.0,0.0,0.72,0.0,0.0,0.0,0,0,0.72,0.75,2025-09-03 08:03:24.662053
2025/09/02 16:08:08,00408,叶氏化工集团,YIP'S CHEMICAL,,1.77,0.01,0.56818,1.76,1.79,1.79,1.77,140000,249300,1.76,1.78,2025-09-03 08:03:24.662053
2025/09/02 16:08:08,00410,ＳＯＨＯ中国,SOHO CHINA,,0.6,0.02,3.44828,0.58,0.59,0.6,0.58,2072500,1223120,0.59,0.6,2025-09-03 08:03:24.662053
2025/09/02 16:08:08,00411,南顺（香港）,LAM SOON (HK),,11.1,0.0,0.0,11.1,0.0,0.0,0.0,0,0,9.67,11.5,2025-09-03 08:03:24.662053
2025/09/02 16:08:06,00412,山高控股,SDHG,,17.24,0.15,0.87771,17.09,17.05,17.34,16.98,6011017,102490589,17.22,17.24,2025-09-03 08:03:24.662053
2025/09/02 16:08:08,00413,南华集团控股,SC HOLDINGS,,0.034,0.0,1e-05,0.034,0.0,0.0,0.0,0,0,0.034,0.035,2025-09-03 08:03:24.662053
2025/09/02 16:08:08,00417,谢瑞麟,TSE SUI LUEN,,1.54,0.06,4.05405,1.48,1.52,1.58,1.45,900839,1357884,1.48,1.54,2025-09-03 08:03:24.662053
2025/09/02 16:08:08,00418,方正控股,FOUNDER HOLD,,0.83,0.0,0.0,0.83,0.83,0.83,0.83,98000,81340,0.83,0.88,2025-09-03 08:03:24.662053
2025/09/02 16:08:08,00419,弘毅文化集团,HONY MEDIA,,0.058,-0.004,-6.45162,0.062,0.061,0.061,0.057,6805000,400620,0.057,0.059,2025-09-03 08:03:24.662053
2025/09/02 16:08:08,00420,福田实业,FOUNTAIN SET,,0.67,-0.01,-1.47059,0.68,0.67,0.68,0.66,170000,113800,0.66,0.67,2025-09-03 08:03:24.662053
2025/09/02 16:08:08,00422,越南制造加工出口,VMEP HOLDINGS,,0.41,0.0,0.0,0.41,0.41,0.41,0.41,10000,4100,0.4,0.41,2025-09-03 08:03:24.662053
2025/09/02 16:08:08,00423,经济日报集团,HKET HOLDINGS,,0.85,0.01,1.19048,0.84,0.83,0.85,0.82,152000,127300,0.82,0.85,2025-09-03 08:03:24.662053
2025/09/02 16:08:08,00425,敏实集团,MINTH GROUP,,30.22,-0.06,-0.19815,30.28,31.0,31.0,29.9,9137600,276625604,30.18,30.22,2025-09-03 08:03:24.662053
2025/09/02 16:08:08,00426,万华媒体,ONE MEDIA GROUP,,0.07,-0.006,-7.89474,0.076,0.075,0.075,0.063,406000,27796,0.064,0.071,2025-09-03 08:03:24.662053
2025/09/02 16:08:08,00428,中国天弓控股,COCOON HOLDINGS,,0.246,-0.003,-1.20482,0.249,0.24,0.246,0.239,856000,205440,0.235,0.246,2025-09-03 08:03:24.662053
2025/09/02 16:08:08,00430,东方兴业控股,ORIENTAL EXPL,,0.425,-0.005,-1.16279,0.43,0.0,0.0,0.0,3000,1170,0.405,0.425,2025-09-03 08:03:24.662053
2025/09/02 16:08:08,00431,大中华金融,G CHINA FIN,,0.01,0.0,0.0,0.01,0.0,0.0,0.0,0,0,0.0,0.0,2025-09-03 08:03:24.662053
2025/09/02 16:08:08,00432,盈大地产,PCPD,,0.201,0.0,0.0,0.201,0.2,0.204,0.2,115525,23333,0.201,0.204,2025-09-03 08:03:24.662053
2025/09/02 16:08:08,00433,北方矿业,NORTH MINING,,0.067,-0.002,-2.89855,0.069,0.069,0.07,0.066,2460000,166430,0.067,0.069,2025-09-03 08:03:24.662053
2025/09/02 16:08:08,00434,博雅互动,BOYAA,,7.69,-0.05,-0.64599,7.74,7.74,7.94,7.45,5740000,44284860,7.67,7.69,2025-09-03 08:03:24.662053
2025/09/02 16:08:08,00436,新宇环保,NU ENVIRO,,0.057,0.0,0.0,0.057,0.057,0.057,0.057,40000,2280,0.057,0.06,2025-09-03 08:03:24.662053
2025/09/02 16:08:08,00438,彩虹新能源,IRICO NEWENERGY,,2.27,-0.22,-8.83534,2.49,2.32,2.32,2.15,96700,217512,2.27,2.3,2025-09-03 08:03:24.662053
2025/09/02 16:08:08,00439,光启科学,KUANGCHI,,1.8,-0.03,-1.63935,1.83,1.76,1.84,1.75,1067000,1905840,1.8,1.82,2025-09-03 08:03:24.662053
2025/09/02 16:08:08,00440,大新金融,DAH SING,,35.0,-0.26,-0.73738,35.26,35.12,35.6,34.94,395200,13907132,35.0,35.04,2025-09-03 08:03:24.662053
2025/09/02 16:08:08,00442,域能控股,DOMAINE POWER,,1.19,-0.03,-2.45901,1.22,0.0,0.0,0.0,0,0,1.07,1.19,2025-09-03 08:03:24.662053
2025/09/02 16:08:08,00444,SINCEREWATCH HK,SINCEREWATCH HK,,0.01,0.0,0.0,0.01,0.0,0.0,0.0,0,0,0.0,0.0,2025-09-03 08:03:24.662053
2025/09/02 16:08:08,00450,鸿兴印刷集团,HUNG HING PRINT,,0.95,0.01,1.06383,0.94,0.95,0.96,0.93,260000,246560,0.94,0.95,2025-09-03 08:03:24.662053
2025/09/02 16:08:08,00451,协鑫新能源,GCL NEWENERGY,,0.76,-0.04,-5.0,0.8,0.8,0.83,0.74,42299313,33652059,0.76,0.78,2025-09-03 08:03:24.662053
2025/09/02 16:08:08,00455,天大药业,TIANDA PHARMA,,0.155,0.0,0.0,0.155,0.167,0.168,0.155,120000,19148,0.155,0.164,2025-09-03 08:03:24.662053
2025/09/02 16:08:08,00456,新城市建设发展,NEW CITY DEV,,0.5,-0.08,-13.7931,0.58,0.5,0.57,0.5,52000,26240,0.5,0.57,2025-09-03 08:03:24.662053
2025/09/02 16:08:08,00458,联亚集团,TRISTATE HOLD,,2.2,-0.05,-2.22222,2.25,0.0,0.0,0.0,0,0,2.0,2.2,2025-09-03 08:03:24.662053
2025/09/02 16:08:08,00459,鋑联控股,LEGEND UPSTAR,,0.078,-0.001,-1.26582,0.079,0.078,0.078,0.073,2367000,177675,0.078,0.083,2025-09-03 08:03:24.662053
2025/09/02 16:08:08,00460,四环医药,SIHUAN PHARM,,1.5,-0.02,-1.31579,1.52,1.52,1.52,1.44,91534001,135144512,1.49,1.5,2025-09-03 08:03:24.662053
2025/09/02 16:08:08,00464,中国智能科技,CHINA IN-TECH,,0.86,0.07,8.86076,0.79,0.81,0.89,0.79,12696000,10611360,0.86,0.87,2025-09-03 08:03:24.662053
2025/09/02 16:08:08,00465,富通科技,FUTONG TECH,,0.355,0.0,0.0,0.355,0.355,0.355,0.355,6000,2130,0.355,0.4,2025-09-03 08:03:24.662053
2025/09/02 16:08:08,00467,联合能源集团,UNITEDENERGY GP,,0.55,0.01,1.85185,0.54,0.55,0.56,0.54,61162000,33627960,0.54,0.55,2025-09-03 08:03:24.662053
2025/09/02 16:08:08,00468,纷美包装,GAPACK,,2.5,0.0,0.0,2.5,0.0,0.0,0.0,0,0,0.0,0.0,2025-09-03 08:03:24.662053
2025/09/02 16:08:08,00471,中播数据,SILKWAVE INC,,0.74,0.02,2.77778,0.72,0.69,0.75,0.69,317000,231627,0.72,0.75,2025-09-03 08:03:24.662053
2025/09/02 16:08:08,00472,新丝路文旅,NEW SILKROAD,,0.169,-0.001,-0.58824,0.17,0.0,0.0,0.0,0,0,0.16,0.169,2025-09-03 08:03:24.662053
2025/09/02 16:08:08,00474,信铭生命科技,ACESO LIFE SCI,,0.019,-0.001,-5.0,0.02,0.019,0.019,0.019,66000,1254,0.019,0.02,2025-09-03 08:03:24.662053
2025/09/02 16:08:08,00475,中发展控股,CENTRAL DEV H,,0.475,-0.005,-1.04167,0.48,0.475,0.475,0.475,24000,11470,0.45,0.54,2025-09-03 08:03:24.662053
2025/09/02 16:08:08,00476,科轩动力控股,EV DYNAMICS,,0.92,-0.01,-1.07527,0.93,0.98,0.98,0.92,564000,526200,0.92,0.93,2025-09-03 08:03:24.662053
2025/09/02 16:08:08,00480,香港兴业国际,HKR INT'L,,0.98,0.0,0.0,0.98,0.99,1.0,0.96,586400,578768,0.96,0.97,2025-09-03 08:03:24.662053
2025/09/02 16:08:08,00482,圣马丁国际,SANDMARTIN INTL,,0.089,0.0,0.0,0.089,0.0,0.0,0.0,0,0,0.0,0.0,2025-09-03 08:03:24.662053
2025/09/02 16:08:08,00483,包浩斯国际,BAUHAUS INT'L,,0.275,-0.01,-3.50877,0.285,0.285,0.285,0.275,138000,39130,0.275,0.29,2025-09-03 08:03:24.662053
2025/09/02 16:08:08,00484,云游控股,FORGAME,,0.84,-0.04,-4.54546,0.88,0.82,0.85,0.82,16000,13180,0.82,0.84,2025-09-03 08:03:24.662053
2025/09/02 16:08:08,00485,中国华星,CHINASINOSTAR,,0.32,-0.07,-17.94872,0.39,0.32,0.32,0.32,140093,44828,0.3,0.345,2025-09-03 08:03:24.662053
2025/09/02 16:08:08,00486,俄铝,RUSAL,,4.22,0.07,1.68674,4.15,4.12,4.22,4.12,641000,2684340,4.22,4.25,2025-09-03 08:03:24.662053
2025/09/02 16:08:08,00487,实德环球,SUCCESSUNIVERSE,,0.132,-0.004,-2.94118,0.136,0.135,0.135,0.131,676000,89576,0.131,0.133,2025-09-03 08:03:24.662053
2025/09/02 16:08:08,00488,丽新发展,LAI SUN DEV,,0.66,0.01,1.53847,0.65,0.64,0.66,0.63,1500,975,0.63,0.66,2025-09-03 08:03:24.662053
2025/09/02 16:08:06,00489,东风集团股份,DONGFENG GROUP,,8.76,-0.07,-0.79275,8.83,8.81,8.86,8.73,31539501,277210111,8.76,8.78,2025-09-03 08:03:24.662053
2025/09/02 16:08:08,00491,英皇文化产业,EMPEROR CULTURE,,0.035,-0.002,-5.40541,0.037,0.035,0.036,0.035,120000,4220,0.035,0.036,2025-09-03 08:03:24.662053
2025/09/02 16:08:08,00493,国美零售,GOME RETAIL,,0.018,-0.001,-5.26316,0.019,0.019,0.02,0.018,108273264,2068907,0.018,0.019,2025-09-03 08:03:24.662053
2025/09/02 16:08:08,00495,PALADIN,PALADIN,,0.012,0.0,0.0,0.012,0.0,0.0,0.0,0,0,0.0,0.0,2025-09-03 08:03:24.662053
2025/09/02 16:08:08,00496,卡森国际,KASEN,,0.47,0.005,1.07527,0.465,0.41,0.47,0.41,237000,106555,0.455,0.47,2025-09-03 08:03:24.662053
2025/09/02 16:08:08,00497,资本策略地产,CSI PROPERTIES,,0.19,0.0,0.0,0.19,0.19,0.19,0.19,580000,110200,0.19,0.191,2025-09-03 08:03:24.662053
2025/09/02 16:08:08,00498,蓝河控股,BLUE RIVER HLDG,,0.154,-0.006,-3.75,0.16,0.156,0.156,0.148,640000,96140,0.151,0.156,2025-09-03 08:03:24.662053
2025/09/02 16:08:08,00499,青岛控股,QINGDAO HLDGS,,0.127,0.0,0.0,0.127,0.127,0.127,0.127,100000,12700,0.12,0.134,2025-09-03 08:03:24.662053
2025/09/02 16:08:08,00500,先丰服务集团,FRONTIER SER,,0.084,-0.006,-6.66667,0.09,0.09,0.09,0.084,901000,77885,0.084,0.085,2025-09-03 08:03:24.662053
2025/09/02 16:08:08,00505,兴业合金,XINGYE ALLOY,,1.0,0.03,3.09278,0.97,0.98,1.0,0.98,200000,199060,0.97,1.0,2025-09-03 08:03:24.662053
2025/09/02 16:08:06,00506,中国食品,CHINA FOODS,,3.98,0.02,0.50505,3.96,3.96,4.01,3.93,1376000,5477980,3.97,3.98,2025-09-03 08:03:24.662053
2025/09/02 16:08:08,00508,鼎亿集团投资,DINGYI GP INV,,0.32,0.01,3.2258,0.31,0.31,0.32,0.31,523500,163582,0.31,0.32,2025-09-03 08:03:24.662053
2025/09/02 16:08:08,00509,世纪阳光,SUNSHINE,,0.17,0.0,0.0,0.17,0.0,0.0,0.0,0,0,0.0,0.0,2025-09-03 08:03:24.662053
2025/09/02 16:08:08,00510,时富金融服务集团,CASH FIN SER GP,,0.43,0.015,3.61446,0.415,0.42,0.45,0.42,1175701,506353,0.425,0.44,2025-09-03 08:03:24.662053
2025/09/02 16:08:08,00511,电视广播,TVB,,3.68,-0.09,-2.38727,3.77,3.82,3.82,3.65,1502900,5549172,3.68,3.7,2025-09-03 08:03:24.662053
2025/09/02 16:08:06,00512,远大医药,GRAND PHARMA,,9.21,-0.31,-3.2563,9.52,9.52,9.54,9.1,22320150,206054118,9.21,9.22,2025-09-03 08:03:24.662053
2025/09/02 16:08:08,00513,恒和集团,CONTINENTAL H,,0.157,0.0,0.0,0.157,0.0,0.0,0.0,0,0,0.145,0.178,2025-09-03 08:03:24.662053
2025/09/02 16:08:08,00515,中华银科技,CHINASILVER TEC,,0.222,0.0,0.0,0.222,0.223,0.227,0.22,5900000,1314210,0.222,0.226,2025-09-03 08:03:24.662053
2025/09/02 16:08:08,00517,中远海运国际,COSCO SHIP INTL,,6.49,0.14,2.20472,6.35,6.35,6.51,6.35,3092000,20016104,6.47,6.49,2025-09-03 08:03:24.662053
2025/09/02 16:08:08,00518,同得仕（集团）,TUNGTEX (HOLD),,0.213,0.0,0.0,0.213,0.213,0.213,0.213,24000,5112,0.211,0.22,2025-09-03 08:03:24.662053
2025/09/02 16:08:08,00519,诺科达科技,NOVAUTEK,,0.112,-0.003,-2.60869,0.115,0.115,0.115,0.112,515000,58710,0.112,0.114,2025-09-03 08:03:24.662053
2025/09/02 16:08:08,00520,呷哺呷哺,XIABUXIABU,,0.82,0.01,1.23457,0.81,0.81,0.82,0.8,1315000,1064690,0.81,0.82,2025-09-03 08:03:24.662053
2025/09/02 16:08:08,00521,CWT INT'L,CWT INT'L,,0.28,-0.01,-3.44828,0.29,0.29,0.29,0.27,12031060,3353715,0.27,0.28,2025-09-03 08:03:24.662053
2025/09/02 16:08:08,00522,ASMPT,ASMPT,,68.05,-2.95,-4.15493,71.0,71.0,71.1,67.7,1942791,133340188,68.0,68.05,2025-09-03 08:03:24.662053
2025/09/02 16:08:08,00524,长城天下,GW TERROIR,,0.28,-0.03,-9.67742,0.31,0.25,0.25,0.25,50000,12500,0.28,0.325,2025-09-03 08:03:24.662053
2025/09/02 16:08:08,00525,广深铁路股份,GUANGSHEN RAIL,,2.26,0.02,0.89286,2.24,2.26,2.27,2.21,9770000,21858100,2.24,2.26,2025-09-03 08:03:24.662053
2025/09/02 16:08:08,00526,利时集团控股,LISI GP HOLD,,0.083,0.002,2.46913,0.081,0.078,0.085,0.078,970000,79798,0.083,0.085,2025-09-03 08:03:24.662053
2025/09/02 16:08:08,00527,瑞风新能源,RUIFENG RENEW,,0.58,0.0,0.0,0.58,0.58,0.64,0.56,3600000,2127240,0.56,0.58,2025-09-03 08:03:24.662053
2025/09/02 16:08:08,00528,金达控股,KINGDOM HOLDING,,1.12,0.0,0.0,1.12,0.0,0.0,0.0,0,0,1.1,1.18,2025-09-03 08:03:24.662053
2025/09/02 16:08:08,00529,SIS INT'L,SIS INT'L,,1.8,-0.08,-4.25532,1.88,1.82,1.82,1.8,32000,58040,1.8,1.81,2025-09-03 08:03:24.662053
2025/09/02 16:08:08,00532,WKK INTL (HOLD),WKK INTL (HOLD),,0.315,-0.005,-1.5625,0.32,0.0,0.0,0.0,0,0,0.285,0.325,2025-09-03 08:03:24.662053
2025/09/02 16:08:08,00533,金利来集团,GOLDLION HOLD,,0.98,0.01,1.03093,0.97,0.98,0.98,0.98,163000,159740,0.96,0.98,2025-09-03 08:03:24.662053
2025/09/02 16:08:08,00535,金地商置,GEMDALE PPT,,0.25,-0.005,-1.96078,0.255,0.255,0.255,0.249,44340000,11113576,0.25,0.255,2025-09-03 08:03:24.662053
2025/09/02 16:08:08,00536,贸易通,TRADELINK,,1.04,0.01,0.97087,1.03,1.02,1.04,1.02,1108000,1139800,1.03,1.04,2025-09-03 08:03:24.662053
2025/09/02 16:08:08,00538,味千（中国）,AJISEN (CHINA),,1.01,-0.01,-0.98039,1.02,1.01,1.02,1.0,575000,582650,1.0,1.01,2025-09-03 08:03:24.662053
2025/09/02 16:08:08,00540,迅捷环球控股,SPEEDY GLOBAL,,0.165,0.0,0.0,0.165,0.0,0.0,0.0,0,0,0.148,0.195,2025-09-03 08:03:24.662053
2025/09/02 16:08:08,00542,中国文旅农业,CN CULTURAL T&A,,0.08,0.003,3.8961,0.077,0.077,0.08,0.072,6312000,489552,0.08,0.084,2025-09-03 08:03:24.662053
2025/09/02 16:08:08,00543,太平洋网络,PACIFIC ONLINE,,0.36,-0.02,-5.26315,0.38,0.37,0.37,0.36,973000,351345,0.36,0.375,2025-09-03 08:03:24.662053
2025/09/02 16:08:08,00544,大同集团,DAIDO GROUP,,1.3,0.0,0.0,1.3,1.3,1.3,1.3,95000,123500,1.2,1.3,2025-09-03 08:03:24.662053
2025/09/02 16:08:08,00546,阜丰集团,FUFENG GROUP,,9.19,-0.09,-0.96983,9.28,9.4,9.4,9.02,4742000,43220400,9.16,9.19,2025-09-03 08:03:24.662053
2025/09/02 16:08:08,00547,数字王国,DIGITAL DOMAIN,,0.39,-0.02,-4.87805,0.41,0.415,0.415,0.39,1918000,758140,0.39,0.395,2025-09-03 08:03:24.662053
2025/09/02 16:08:08,00548,深圳高速公路股份,SHENZHENEXPRESS,,7.24,0.04,0.55555,7.2,7.16,7.24,7.13,2744000,19772900,7.21,7.24,2025-09-03 08:03:24.662053
2025/09/02 16:08:08,00550,律齐文化,ALLEGRO CULTURE,,0.134,0.0,0.0,0.134,0.0,0.0,0.0,0,0,0.0,0.0,2025-09-03 08:03:24.662053
2025/09/02 16:08:06,00551,裕元集团,YUE YUEN IND,,13.47,-0.25,-1.82216,13.72,13.72,13.76,13.4,7286991,98826247,13.46,13.47,2025-09-03 08:03:24.662053
2025/09/02 16:08:06,00552,中国通信服务,CHINACOMSERVICE,,4.58,-0.01,-0.21787,4.59,4.58,4.61,4.54,6612007,30185040,4.58,4.59,2025-09-03 08:03:24.662053
2025/09/02 16:08:08,00553,南京熊猫电子股份,NANJING PANDA,,5.52,-0.38,-6.44068,5.9,5.91,5.91,5.5,17454000,98960240,5.52,5.53,2025-09-03 08:03:24.662053
2025/09/02 16:08:08,00554,汉思集团控股,HANS GP HLDGS,,0.28,0.0,0.0,0.28,0.28,0.285,0.275,3244000,908170,0.28,0.285,2025-09-03 08:03:24.662053
2025/09/02 16:08:08,00556,泛亚环保,PAN ASIA ENVIRO,,0.42,-0.01,-2.32558,0.43,0.435,0.435,0.415,206000,87790,0.42,0.445,2025-09-03 08:03:24.662053
2025/09/02 16:08:08,00557,天元医疗,TIANYUAN HEALTH,,0.89,0.0,0.0,0.89,0.0,0.0,0.0,0,0,0.0,0.93,2025-09-03 08:03:24.662053
2025/09/02 16:08:08,00558,力劲科技,LK TECH,,6.0,0.58,10.70111,5.42,5.47,6.17,5.4,113423301,661834023,6.0,6.01,2025-09-03 08:03:24.662053
2025/09/02 16:08:08,00559,德泰新能源集团,DETAI NEWENERGY,,0.195,0.008,4.27807,0.187,0.187,0.195,0.187,40000,7560,0.187,0.187,2025-09-03 08:03:24.662053
2025/09/02 16:08:08,00560,珠江船务,CHU KONG SHIP,,0.78,0.0,0.0,0.78,0.78,0.78,0.77,442000,344280,0.77,0.78,2025-09-03 08:03:24.662053
2025/09/02 16:08:08,00563,上实城市开发,SH IND URBAN,,0.33,-0.01,-2.94117,0.34,0.335,0.34,0.33,668800,224112,0.33,0.335,2025-09-03 08:03:24.662053
2025/09/02 16:08:06,00564,中创智领,ZMJ,,17.8,-0.6,-3.26087,18.4,18.34,18.49,17.66,4942601,88507560,17.8,17.81,2025-09-03 08:03:24.662053
2025/09/02 16:08:08,00565,锦艺集团控股,ART GROUP HOLD,,1.11,0.03,2.77778,1.08,1.08,1.13,1.05,15875000,17169200,1.1,1.11,2025-09-03 08:03:24.662053
2025/09/02 16:08:08,00567,大昌微线集团,DAISHOMICROLINE,,0.091,0.0,0.0,0.091,0.0,0.0,0.0,0,0,0.09,0.103,2025-09-03 08:03:24.662053
2025/09/02 16:08:08,00568,山东墨龙,SHANDONG MOLONG,,4.22,0.14,3.43137,4.08,4.13,4.42,4.07,88153400,379242374,4.22,4.23,2025-09-03 08:03:24.662053
2025/09/02 16:08:06,00570,中国中药,TRAD CHI MED,,2.15,-0.03,-1.37614,2.18,2.18,2.19,2.13,28596000,61588290,2.14,2.15,2025-09-03 08:03:24.662053
2025/09/02 16:08:08,00571,丰德丽控股,ESUN HOLDINGS,,0.052,0.0,0.0,0.052,0.05,0.058,0.05,858000,48274,0.051,0.055,2025-09-03 08:03:24.662053
2025/09/02 16:08:08,00572,未来世界控股,FW HOLDINGS,,0.485,0.0,0.0,0.485,0.49,0.49,0.49,4000,1960,0.455,0.485,2025-09-03 08:03:24.662053
2025/09/02 16:08:08,00573,稻香控股,TAO HEUNG HLDGS,,0.3,0.005,1.69492,0.295,0.3,0.3,0.295,2251000,675085,0.3,0.305,2025-09-03 08:03:24.662053
2025/09/02 16:08:08,00574,百信国际,PASHUN INT'L,,0.049,0.0,0.0,0.049,0.046,0.049,0.045,220000,10248,0.045,0.052,2025-09-03 08:03:24.662053
2025/09/02 16:08:08,00575,励晶太平洋,REGENT PACIFIC,,0.8,0.0,0.0,0.8,0.79,0.83,0.79,28000,22200,0.71,0.8,2025-09-03 08:03:24.662053
2025/09/02 16:08:08,00576,浙江沪杭甬,ZHEJIANGEXPRESS,,6.76,-0.07,-1.02489,6.83,6.81,6.81,6.7,7955951,53648163,6.75,6.76,2025-09-03 08:03:24.662053
2025/09/02 16:08:08,00579,京能清洁能源,JNCEC,,2.4,-0.01,-0.41493,2.41,2.41,2.41,2.37,8106000,19356180,2.39,2.4,2025-09-03 08:03:24.662053
2025/09/02 16:08:08,00580,赛晶科技,SUN.KING TECH,,1.63,-0.02,-1.21212,1.65,1.65,1.66,1.6,3038000,4936020,1.62,1.63,2025-09-03 08:03:24.662053
2025/09/02 16:08:08,00581,中国东方集团,CHINA ORIENTAL,,1.64,-0.04,-2.38095,1.68,1.67,1.68,1.63,3416000,5621050,1.64,1.65,2025-09-03 08:03:24.662053
2025/09/02 16:08:08,00582,神话世界,SHIN HWA WORLD,,0.133,0.002,1.52672,0.131,0.133,0.133,0.133,156012,20749,0.133,0.14,2025-09-03 08:03:24.662053
2025/09/02 16:08:08,00583,长城环亚控股,GWPA HOLDINGS,,0.217,0.0,0.0,0.217,0.0,0.0,0.0,0,0,0.216,0.23,2025-09-03 08:03:24.662053
2025/09/02 16:08:08,00585,意力国际,IMAGI INT'L,,0.94,0.03,3.2967,0.91,0.87,0.95,0.87,124400,114396,0.94,0.99,2025-09-03 08:03:24.662053
2025/09/02 16:08:08,00586,海螺创业,CONCH VENTURE,,10.5,-0.15,-1.40845,10.65,10.66,10.84,10.39,7439833,78652853,10.47,10.5,2025-09-03 08:03:24.662053
2025/09/02 16:08:08,00587,海螺环保,CONCH ENVIRO,,0.7,0.01,1.44927,0.69,0.68,0.7,0.68,390500,270785,0.69,0.7,2025-09-03 08:03:24.662053
2025/09/02 16:08:08,00588,北京北辰实业股份,BEIJING N STAR,,0.88,-0.02,-2.22222,0.9,0.9,0.91,0.88,8824000,7816700,0.88,0.89,2025-09-03 08:03:24.662053
2025/09/02 16:08:08,00589,建中建设,JIANZHONG CONS,,0.19,0.0,0.0,0.19,0.0,0.0,0.0,0,0,0.0,0.0,2025-09-03 08:03:24.662053
2025/09/02 16:08:06,00590,六福集团,LUK FOOK HOLD,,24.6,-0.18,-0.72639,24.78,24.78,25.22,24.38,1689000,41794456,24.56,24.6,2025-09-03 08:03:24.662053
2025/09/02 16:08:08,00591,中国高精密,C HIGHPRECISION,,0.465,-0.01,-2.10526,0.475,0.475,0.48,0.465,2854000,1337850,0.465,0.47,2025-09-03 08:03:24.662053
2025/09/02 16:08:08,00593,梦东方,DREAMEAST,,0.19,0.0,0.0,0.19,0.0,0.0,0.0,0,0,0.0,0.0,2025-09-03 08:03:24.662053
2025/09/02 16:08:08,00595,AV CONCEPT HOLD,AV CONCEPT HOLD,,0.405,-0.015,-3.57143,0.42,0.42,0.42,0.405,355200,147572,0.405,0.415,2025-09-03 08:03:24.662053
2025/09/02 16:08:08,00596,浪潮数字企业,INSPUR DIGI ENT,,9.4,-0.55,-5.52764,9.95,9.95,9.95,9.36,4826000,46176940,9.36,9.4,2025-09-03 08:03:24.662053
2025/09/02 16:08:08,00598,中国外运,SINOTRANS,,4.62,0.02,0.43478,4.6,4.65,4.65,4.58,3800000,17521580,4.61,4.62,2025-09-03 08:03:24.662053
2025/09/02 16:08:08,00599,怡邦行控股,E. BON HOLDINGS,,0.164,0.0,0.0,0.164,0.0,0.0,0.0,0,0,0.143,0.171,2025-09-03 08:03:24.662053
2025/09/02 16:08:08,00601,稀镁科技,REMT,,0.081,0.0,0.0,0.081,0.081,0.081,0.081,150000,12150,0.079,0.082,2025-09-03 08:03:24.662053
2025/09/02 16:08:08,00602,佳华百货控股,JIAHUA STORES H,,0.061,0.0,0.0,0.061,0.061,0.069,0.06,1507500,97412,0.06,0.061,2025-09-03 08:03:24.662053
2025/09/02 16:08:08,00603,中油燃气,CHINA OIL & GAS,,0.172,0.004,2.38096,0.168,0.17,0.173,0.17,2320000,397580,0.17,0.174,2025-09-03 08:03:24.662053
2025/09/02 16:08:06,00604,深圳控股,SHENZHEN INVEST,,0.84,-0.01,-1.17647,0.85,0.85,0.86,0.83,12086000,10202500,0.84,0.85,2025-09-03 08:03:24.662053
2025/09/02 16:08:08,00605,中国金融投资管理,C FIN SERVICES,,1.27,-0.01,-0.78125,1.28,1.28,1.28,1.23,162000,204440,1.27,1.28,2025-09-03 08:03:24.662053
2025/09/02 16:08:08,00606,中骏商管,SCE CM,,0.3,0.0,0.0,0.3,0.3,0.3,0.3,40000,12000,0.295,0.3,2025-09-03 08:03:24.662053
2025/09/02 16:08:08,00607,丰盛控股,FULLSHARE,,0.34,0.0,0.0,0.34,0.0,0.0,0.0,0,0,0.0,0.0,2025-09-03 08:03:24.662053
2025/09/02 16:08:08,00608,达利国际,HIGH FASHION,,1.41,0.0,0.0,1.41,0.0,0.0,0.0,0,0,1.39,1.6,2025-09-03 08:03:24.662053
2025/09/02 16:08:08,00609,天德化工,TIANDE CHEMICAL,,1.33,-0.01,-0.74627,1.34,1.4,1.4,1.33,152000,205560,1.33,1.35,2025-09-03 08:03:24.662053
2025/09/02 16:08:08,00610,WAI KEE HOLD,WAI KEE HOLD,,0.69,-0.01,-1.42857,0.7,0.69,0.69,0.69,70000,48300,0.69,0.7,2025-09-03 08:03:24.662053
2025/09/02 16:08:08,00611,中国核能科技,CNE TECH CORP,,0.47,-0.005,-1.05263,0.475,0.47,0.47,0.465,756000,353900,0.465,0.47,2025-09-03 08:03:24.662053
2025/09/02 16:08:08,00612,嘉文世纪投资公司,CARMEN CENTURY,,0.335,0.0,0.0,0.335,0.0,0.0,0.0,0,0,0.0,0.0,2025-09-03 08:03:24.662053
2025/09/02 16:08:08,00613,梧桐国际,PLANETREE INT'L,,2.71,0.13,5.03876,2.58,2.69,2.73,2.65,554000,1491580,2.67,2.71,2025-09-03 08:03:24.662053
2025/09/02 16:08:08,00616,高山企业,EMINENCE ENT,,0.14,0.016,12.90323,0.124,0.139,0.145,0.128,27032000,3690960,0.14,0.143,2025-09-03 08:03:24.662053
2025/09/02 16:08:08,00617,百利保控股,PALIBURG HOLD,,0.28,0.01,3.7037,0.27,0.275,0.295,0.275,2804000,790980,0.275,0.28,2025-09-03 08:03:24.662053
2025/09/02 16:08:08,00618,北大资源,PKU RESOURCES,,0.151,-0.004,-2.58065,0.155,0.152,0.156,0.15,391000,59577,0.151,0.154,2025-09-03 08:03:24.662053
2025/09/02 16:08:08,00619,南华金融,SOUTH CHINA FIN,,0.245,-0.025,-9.25926,0.27,0.26,0.26,0.233,1150000,274078,0.245,0.25,2025-09-03 08:03:24.662053
2025/09/02 16:08:08,00620,大唐西市,DTXS SILK ROAD,,0.89,0.02,2.29885,0.87,0.85,0.9,0.82,2364800,2055232,0.87,0.88,2025-09-03 08:03:24.662053
2025/09/02 16:08:08,00621,坛金矿业（新）,TAUNG GOLD-NEW,,0.59,-0.02,-3.27869,0.61,0.62,0.62,0.58,7324000,4382610,0.59,0.6,2025-09-03 08:03:24.662053
2025/09/02 16:08:08,00622,威华达控股,OSHIDORI,,0.495,0.0,0.0,0.495,0.49,0.54,0.485,958475,498855,0.495,0.51,2025-09-03 08:03:24.662053
2025/09/02 16:08:08,00623,中视金桥,SINOMEDIA,,2.54,0.08,3.25203,2.46,2.41,2.56,2.41,1505000,3765840,2.54,2.55,2025-09-03 08:03:24.662053
2025/09/02 16:08:08,00626,大众金融控股,PUBLIC FIN HOLD,,1.28,-0.01,-0.7752,1.29,1.29,1.31,1.28,740000,954260,1.28,1.3,2025-09-03 08:03:24.662053
2025/09/02 16:08:08,00627,日本共生,JAPAN KYOSEI,,0.78,-0.01,-1.26583,0.79,0.0,0.0,0.0,0,0,0.6,0.78,2025-09-03 08:03:24.662053
2025/09/02 16:08:08,00628,通通ＡＩ社交,TONGTONG AI SOC,,0.245,0.009,3.81356,0.236,0.236,0.245,0.236,198000,48042,0.245,0.246,2025-09-03 08:03:24.662053
2025/09/02 16:08:08,00629,悦达国际控股,YUE DA INTL,,0.36,0.0,0.0,0.36,0.36,0.36,0.36,20000,7200,0.315,0.36,2025-09-03 08:03:24.662053
2025/09/02 16:08:08,00630,隽泰控股,AMCO UNITED,,0.315,0.015,5.0,0.3,0.325,0.325,0.305,430000,135100,0.3,0.315,2025-09-03 08:03:24.662053
2025/09/02 16:08:06,00631,三一国际,SANY INT'L,,6.82,-0.19,-2.71041,7.01,7.0,7.04,6.7,8900690,60437047,6.8,6.82,2025-09-03 08:03:24.662053
2025/09/02 16:08:08,00632,中港石油,CHK OIL,,0.4,-0.035,-8.04598,0.435,0.435,0.435,0.38,8990000,3523660,0.385,0.4,2025-09-03 08:03:24.662053
2025/09/02 16:08:08,00635,彩星集团,PLAYMATES,,0.52,0.0,0.0,0.52,0.53,0.53,0.52,382000,202020,0.52,0.53,2025-09-03 08:03:24.662053
2025/09/02 16:08:08,00636,KLN,KLN,,7.47,-0.17,-2.22513,7.64,7.7,7.71,7.41,2984500,22531435,7.45,7.47,2025-09-03 08:03:24.662053
2025/09/02 16:08:08,00637,利记,LEE KEE,,0.203,0.0,0.0,0.203,0.203,0.203,0.203,10000,2030,0.203,0.213,2025-09-03 08:03:24.662053
2025/09/02 16:08:08,00639,首钢资源,SHOUGANG RES,,2.72,0.02,0.74074,2.7,2.7,2.74,2.68,8361499,22756527,2.72,2.73,2025-09-03 08:03:24.662053
2025/09/02 16:08:08,00640,星谦发展,INFINITY DEV,,1.18,-0.01,-0.84034,1.19,1.2,1.21,1.18,396000,475000,1.18,1.21,2025-09-03 08:03:24.662053
2025/09/02 16:08:08,00641,中国恒天立信国际,CHTC FONG'S INT,,0.315,-0.02,-5.97015,0.335,0.305,0.33,0.3,300000,93360,0.3,0.32,2025-09-03 08:03:24.662053
2025/09/02 16:08:08,00643,恒富控股,CARRY WEALTH,,0.455,-0.04,-8.08081,0.495,0.52,0.52,0.455,1170000,554850,0.45,0.46,2025-09-03 08:03:24.662053
2025/09/02 16:08:08,00645,安域亚洲,ARES ASIA,,0.159,-0.001,-0.625,0.16,0.145,0.148,0.141,260000,37126,0.159,0.16,2025-09-03 08:03:24.662053
2025/09/02 16:08:08,00646,中国环保科技,CHINA ENV TEC,,0.157,-0.002,-1.25786,0.159,0.153,0.153,0.153,32000,4896,0.157,0.168,2025-09-03 08:03:24.662053
2025/09/02 16:08:08,00648,京玖康疗－新,SOFTMEDX-NEW,,0.38,0.0,0.0,0.38,0.0,0.0,0.0,0,0,0.0,0.0,2025-09-03 08:03:24.662053
2025/09/02 16:08:08,00650,普达特科技,PRODUCTIVE TECH,,0.205,0.0,0.0,0.205,0.207,0.207,0.205,124000,25536,0.197,0.205,2025-09-03 08:03:24.662053
2025/09/02 16:08:08,00653,卓悦控股,BONJOUR HOLD,,0.107,0.012,12.63158,0.095,0.098,0.13,0.098,32623400,3420474,0.105,0.107,2025-09-03 08:03:24.662053
2025/09/02 16:08:08,00655,香港华人有限公司,HK CHINESE LTD,,0.3,-0.005,-1.63934,0.305,0.305,0.305,0.3,803246,243202,0.3,0.305,2025-09-03 08:03:24.662053
2025/09/02 16:08:06,00656,复星国际,FOSUN INTL,,5.21,-0.15,-2.79851,5.36,5.36,5.36,5.19,9140729,47888893,5.21,5.22,2025-09-03 08:03:24.662053
2025/09/02 16:08:08,00657,环科国际,G-VISION INT'L,,0.03,0.0,0.0,0.03,0.0,0.0,0.0,0,0,0.03,0.035,2025-09-03 08:03:24.662053
2025/09/02 16:08:08,00658,中国高速传动,C TRANSMISSION,,1.31,0.0,0.0,1.31,1.32,1.33,1.29,2027000,2652690,1.3,1.31,2025-09-03 08:03:24.662053
2025/09/02 16:08:08,00659,周大福创建,CTF SERVICES,,7.77,-0.02,-0.25674,7.79,7.79,7.79,7.74,716000,5559150,7.75,7.77,2025-09-03 08:03:24.662053
2025/09/02 16:08:08,00660,玮俊生物科技,WAI CHUN BIOTEC,,0.185,-0.001,-0.53763,0.186,0.0,0.0,0.0,0,0,0.161,0.185,2025-09-03 08:03:24.662053
2025/09/02 16:08:08,00661,中国大冶有色金属,CDAYENONFER,,0.064,-0.001,-1.53846,0.065,0.066,0.066,0.063,5610000,361016,0.063,0.064,2025-09-03 08:03:24.662053
2025/09/02 16:08:08,00662,亚洲金融,ASIA FINANCIAL,,4.41,0.0,0.0,4.41,0.0,0.0,0.0,0,0,4.38,4.65,2025-09-03 08:03:24.662053
2025/09/02 16:08:08,00663,金山能源,KING STONE ENGY,,0.102,0.0,0.0,0.102,0.0,0.0,0.0,0,0,0.0,0.0,2025-09-03 08:03:24.662053
2025/09/02 16:08:06,00666,瑞浦兰钧,REPT BATTERO,,11.59,-0.4,-3.33611,11.99,12.0,12.24,11.54,2794997,33011926,11.59,11.62,2025-09-03 08:03:24.662053
2025/09/02 16:08:08,00667,中国东方教育,CHINA EAST EDU,,7.9,0.12,1.54242,7.78,7.78,7.92,7.62,8813800,68466850,7.82,7.9,2025-09-03 08:03:24.662053
2025/09/02 16:08:08,00669,创科实业,TECHTRONIC IND,,96.35,-2.15,-2.18274,98.5,98.05,98.5,96.15,3268397,316497113,96.25,96.35,2025-09-03 08:03:24.662053
2025/09/02 16:08:08,00670,中国东方航空股份,CHINA EAST AIR,,2.94,-0.06,-2.0,3.0,2.96,3.0,2.94,5938000,17587402,2.94,2.95,2025-09-03 08:03:24.662053
2025/09/02 16:08:08,00672,众安集团,ZHONGAN GROUP,,0.141,-0.001,-0.70422,0.142,0.14,0.147,0.14,1192600,169228,0.14,0.141,2025-09-03 08:03:24.662053
2025/09/02 16:08:08,00673,中国卫生集团,CHINA HEALTH,,0.59,-0.03,-4.83871,0.62,0.59,0.59,0.56,199750,114165,0.59,0.6,2025-09-03 08:03:24.662053
2025/09/02 16:08:08,00674,中国唐商,CHINA TANGSHANG,,0.071,-0.003,-4.05405,0.074,0.073,0.079,0.071,305400,22520,0.071,0.078,2025-09-03 08:03:24.662053
2025/09/02 16:08:08,00675,坚宝国际,K & P INT'L,,0.385,-0.035,-8.33334,0.42,0.41,0.41,0.385,22000,8970,0.385,0.41,2025-09-03 08:03:24.662053
2025/09/02 16:08:08,00676,创信国际,PEGASUS INT'L,,1.0,-0.01,-0.9901,1.01,0.0,0.0,0.0,0,0,0.88,1.15,2025-09-03 08:03:24.662053
2025/09/02 16:08:08,00677,金源发展国际实业,GOLDEN RES DEV,,0.35,0.005,1.44927,0.345,0.35,0.355,0.35,990000,346920,0.35,0.355,2025-09-03 08:03:24.662053
2025/09/02 16:08:08,00679,亚洲联网科技,ASIA TELE-NET,,0.93,-0.01,-1.06383,0.94,0.93,0.93,0.93,80000,74400,0.93,0.98,2025-09-03 08:03:24.662053
2025/09/02 16:08:08,00681,中民控股,CHI PEOPLE HOLD,,0.029,-0.001,-3.33334,0.03,0.029,0.029,0.029,780000,22620,0.029,0.031,2025-09-03 08:03:24.662053
2025/09/02 16:08:08,00682,超大现代,CHAODA MODERN,,0.224,0.005,2.28311,0.219,0.229,0.236,0.22,421382,95537,0.22,0.275,2025-09-03 08:03:24.662053
2025/09/02 16:08:08,00683,嘉里建设,KERRY PPT,,20.02,-0.06,-0.2988,20.08,20.38,20.38,19.88,2283500,45648182,20.02,20.04,2025-09-03 08:03:24.662053
2025/09/02 16:08:08,00684,亚伦国际,ALLAN INT'L,,0.58,0.01,1.75438,0.57,0.58,0.58,0.58,8000,4640,0.58,0.59,2025-09-03 08:03:24.662053
2025/09/02 16:08:08,00685,世界华文媒体,MEDIA CHINESE,,0.195,0.01,5.4054,0.185,0.195,0.195,0.195,30000,5850,0.19,0.195,2025-09-03 08:03:24.662053
2025/09/02 16:08:08,00686,北京能源国际,BJ ENERGY INTL,,1.3,-0.02,-1.51516,1.32,1.35,1.35,1.3,347000,455910,1.3,1.32,2025-09-03 08:03:24.662053
2025/09/02 16:08:08,00687,泰升集团,TYSAN HOLDINGS,,0.295,0.005,1.72413,0.29,0.265,0.295,0.265,4000,1120,0.28,0.295,2025-09-03 08:03:24.662053
2025/09/02 16:08:06,00688,中国海外发展,CHINA OVERSEAS,,14.13,-0.23,-1.60167,14.36,14.21,14.36,13.99,14961300,211625644,14.13,14.14,2025-09-03 08:03:24.662053
2025/09/02 16:08:08,00689,长盈集团（控股）,EPI (HOLDINGS),,0.117,0.002,1.73913,0.115,0.118,0.119,0.117,2400040,283504,0.117,0.119,2025-09-03 08:03:24.662053
2025/09/02 16:08:08,00690,联康生物科技集团,UNI-BIO GROUP,,0.156,-0.002,-1.26582,0.158,0.16,0.161,0.152,40560000,6388760,0.155,0.156,2025-09-03 08:03:24.662053
2025/09/02 16:08:08,00691,山水水泥,SHANSHUI CEMENT,,0.96,-0.02,-2.04082,0.98,1.0,1.0,0.93,105000,100160,0.93,0.96,2025-09-03 08:03:24.662053
2025/09/02 16:08:08,00693,陈唱国际,TAN CHONG INT'L,,1.54,0.0,0.0,1.54,0.0,0.0,0.0,0,0,1.54,1.6,2025-09-03 08:03:24.662053
2025/09/02 16:08:06,00694,北京首都机场股份,BEIJING AIRPORT,,2.85,-0.06,-2.06186,2.91,2.9,2.9,2.82,15090000,42983530,2.84,2.85,2025-09-03 08:03:24.662053
2025/09/02 16:08:08,00695,东吴水泥,DONGWU CEMENT,,5.11,-0.2,-3.76648,5.31,5.33,5.33,5.07,900000,4647460,5.11,5.19,2025-09-03 08:03:24.662053
2025/09/02 16:08:08,00696,中国民航信息网络,TRAVELSKY TECH,,10.64,-0.15,-1.39017,10.79,10.8,10.87,10.54,10801559,114770119,10.63,10.64,2025-09-03 08:03:24.662053
2025/09/02 16:08:08,00697,首程控股,SHOUCHENG,,2.17,0.17,8.5,2.0,2.01,2.17,1.98,265881791,552939241,2.16,2.17,2025-09-03 08:03:24.662053
2025/09/02 16:08:08,00698,通达集团,TONGDA GROUP,,0.102,-0.005,-4.6729,0.107,0.11,0.111,0.102,14270000,1515990,0.101,0.102,2025-09-03 08:03:24.662053
2025/09/02 16:08:08,00700,腾讯控股,TENCENT,,600.5,-4.5,-0.7438,605.0,605.5,608.5,599.0,14808157,8931988423,600.0,600.5,2025-09-03 08:03:24.662053
2025/09/02 16:08:08,00701,CNT GROUP,CNT GROUP,,0.218,0.0,0.0,0.218,0.0,0.0,0.0,0,0,0.211,0.235,2025-09-03 08:03:24.662053
2025/09/02 16:08:08,00702,中国油气控股,SINO OIL & GAS,,0.034,0.0,1e-05,0.034,0.0,0.0,0.0,0,0,0.0,0.0,2025-09-03 08:03:24.662053
2025/09/02 16:08:08,00703,FUTURE BRIGHT,FUTURE BRIGHT,,0.169,0.0,0.0,0.169,0.169,0.169,0.169,18000,3042,0.161,0.169,2025-09-03 08:03:24.662053
2025/09/02 16:08:08,00704,和嘉控股,HUSCOKE HLDGS,,0.177,-0.04,-18.43318,0.217,0.217,0.217,0.174,815000,149015,0.177,0.184,2025-09-03 08:03:24.662053
2025/09/02 16:08:08,00707,亚洲电视控股,ATV HOLDINGS,,0.06,0.0,0.0,0.06,0.0,0.0,0.0,0,0,0.0,0.0,2025-09-03 08:03:24.662053
2025/09/02 16:08:08,00708,恒大汽车,EVERG VEHICLE,,0.17,0.0,0.0,0.17,0.0,0.0,0.0,0,0,0.0,0.0,2025-09-03 08:03:24.662053
2025/09/02 16:08:08,00709,佐丹奴国际,GIORDANO INT'L,,1.59,-0.02,-1.24223,1.61,1.6,1.63,1.59,3236000,5193960,1.59,1.6,2025-09-03 08:03:24.662053
2025/09/02 16:08:08,00710,京东方精电,BOE VARITRONIX,,5.79,-0.22,-3.66057,6.01,6.06,6.06,5.78,15529000,91151348,5.79,5.8,2025-09-03 08:03:24.662053
2025/09/02 16:08:08,00711,亚洲联合基建控股,ASIA ALLIED INF,,0.43,-0.015,-3.37079,0.445,0.43,0.435,0.43,116000,49980,0.43,0.445,2025-09-03 08:03:24.662053
2025/09/02 16:08:08,00712,卡姆丹克太阳能,COMTEC SOLAR,,0.112,0.009,8.73787,0.103,0.106,0.12,0.106,10905000,1230405,0.11,0.112,2025-09-03 08:03:24.662053
2025/09/02 16:08:08,00713,世界（集团）,WORLD HOUSEWARE,,0.465,0.0,0.0,0.465,0.455,0.465,0.45,152000,68830,0.45,0.465,2025-09-03 08:03:24.662053
2025/09/02 16:08:08,00716,胜狮货柜,SINGAMAS CONT,,0.7,0.0,0.0,0.7,0.7,0.7,0.69,3654000,2557160,0.69,0.7,2025-09-03 08:03:24.662053
2025/09/02 16:08:08,00717,英皇资本,EMPEROR CAPITAL,,0.098,-0.002,-2.0,0.1,0.1,0.101,0.096,12690000,1258788,0.098,0.099,2025-09-03 08:03:24.662053
2025/09/02 16:08:08,00718,太和控股,TAI UNITED HOLD,,0.063,0.003,5.0,0.06,0.06,0.065,0.059,995000,61630,0.06,0.063,2025-09-03 08:03:24.662053
2025/09/02 16:08:08,00719,山东新华制药股份,SHANDONG XINHUA,,7.52,-0.23,-2.96774,7.75,7.79,7.81,7.5,2429800,18534722,7.52,7.54,2025-09-03 08:03:24.662053
2025/09/02 16:08:08,00720,意达利控股,AUTO ITALIA,,0.142,0.0,0.0,0.142,0.0,0.0,0.0,0,0,0.138,0.149,2025-09-03 08:03:24.662053
2025/09/02 16:08:08,00721,中国金融国际,C FIN INT INV,,0.073,-0.003,-3.94737,0.076,0.076,0.078,0.071,17840000,1293370,0.072,0.074,2025-09-03 08:03:24.662053
2025/09/02 16:08:08,00722,联合医务,UMP,,0.485,-0.005,-1.02041,0.49,0.49,0.49,0.47,58000,28120,0.47,0.485,2025-09-03 08:03:24.662053
2025/09/02 16:08:08,00723,信保环球控股,RELIANCE GLO HL,,0.239,-0.005,-2.04918,0.244,0.246,0.246,0.239,480000,116970,0.239,0.247,2025-09-03 08:03:24.662053
2025/09/02 16:08:08,00724,瑞鑫国际集团,RUIXIN INT'L,,0.105,0.0,0.0,0.105,0.0,0.0,0.0,0,0,0.0,0.0,2025-09-03 08:03:24.662053
2025/09/02 16:08:08,00725,恒都集团,PERENNIAL INT'L,,0.8,0.0,0.0,0.8,0.8,0.8,0.8,6000,4800,0.8,0.82,2025-09-03 08:03:24.662053
2025/09/02 16:08:08,00726,筑友智造科技,DIT GROUP,,0.062,-0.001,-1.5873,0.063,0.064,0.064,0.058,680000,41940,0.06,0.063,2025-09-03 08:03:24.662053
2025/09/02 16:08:08,00727,皇冠环球集团,CROWNICORP,,1.2,0.0,0.0,1.2,1.2,1.2,1.2,50000,59900,1.14,1.21,2025-09-03 08:03:24.662053
2025/09/02 16:08:08,00728,中国电信,CHINA TELECOM,,5.71,-0.06,-1.03986,5.77,5.77,5.77,5.64,85675439,487512968,5.7,5.71,2025-09-03 08:03:24.662053
2025/09/02 16:08:08,00730,首惠产业金融,CAPITAL IND FIN,,0.123,0.0,0.0,0.123,0.123,0.123,0.119,545000,67027,0.12,0.122,2025-09-03 08:03:24.662053
2025/09/02 16:08:08,00731,建发新胜,C&D NEWIN,,0.189,0.0,0.0,0.189,0.0,0.0,0.0,0,0,0.181,0.189,2025-09-03 08:03:24.662053
2025/09/02 16:08:08,00732,信利国际,TRULY INT'L,,1.2,0.0,0.0,1.2,1.2,1.21,1.19,3166000,3801300,1.19,1.2,2025-09-03 08:03:24.662053
2025/09/02 16:08:08,00733,合富辉煌,HOPEFLUENT,,0.375,0.035,10.29412,0.34,0.34,0.375,0.34,20000,7430,0.375,0.39,2025-09-03 08:03:24.662053
2025/09/02 16:08:08,00736,中国置业投资,CHINA PPT INV,,0.275,0.01,3.77359,0.265,0.265,0.31,0.246,840150,243542,0.27,0.3,2025-09-03 08:03:24.662053
2025/09/02 16:08:08,00737,湾区发展,BAY AREA DEV,,1.89,0.0,0.0,1.89,1.9,1.9,1.87,226500,427685,1.89,1.9,2025-09-03 08:03:24.662053
2025/09/02 16:08:08,00738,莱尔斯丹,LE SAUNDA,,0.244,0.0,0.0,0.244,0.0,0.0,0.0,0,0,0.241,0.265,2025-09-03 08:03:24.662053
2025/09/02 16:08:08,00743,亚洲水泥（中国）,ASIA CEMENT CH,,2.7,-0.02,-0.73529,2.72,2.73,2.73,2.68,296000,797930,2.7,2.75,2025-09-03 08:03:24.662053
2025/09/02 16:08:08,00745,中国国家文化产业,CN CULTURE GP,,0.54,0.0,0.0,0.54,0.0,0.0,0.0,1500,755,0.54,0.0,2025-09-03 08:03:24.662053
2025/09/02 16:08:08,00746,理文化工,L & M CHEMICAL,,5.13,-0.11,-2.09923,5.24,5.19,5.2,5.13,264000,1360060,5.1,5.2,2025-09-03 08:03:24.662053
2025/09/02 16:08:08,00747,渖阳公用发展股份,SHENYANG PUBLIC,,0.067,0.002,3.07693,0.065,0.064,0.078,0.064,192000,13280,0.067,0.071,2025-09-03 08:03:24.662053
2025/09/02 16:08:08,00750,水发兴业能源,SFSY ENERGY,,0.285,0.0,0.0,0.285,0.27,0.29,0.27,92600,26089,0.275,0.285,2025-09-03 08:03:24.662053
2025/09/02 16:08:08,00751,创维集团,SKYWORTH GROUP,,3.32,-0.06,-1.77515,3.38,3.38,3.41,3.32,2686000,9018770,3.31,3.32,2025-09-03 08:03:24.662053
2025/09/02 16:08:08,00752,PICO FAR EAST,PICO FAR EAST,,2.62,-0.06,-2.23881,2.68,2.68,2.68,2.62,2698000,7151410,2.62,2.64,2025-09-03 08:03:24.662053
2025/09/02 16:08:08,00753,中国国航,AIR CHINA,,5.04,-0.08,-1.5625,5.12,5.08,5.1,5.02,13944001,70363225,5.03,5.04,2025-09-03 08:03:24.662053
2025/09/02 16:08:08,00754,合生创展集团,HOPSON DEV HOLD,,3.41,-0.08,-2.29226,3.49,3.5,3.53,3.39,1579700,5429474,3.4,3.41,2025-09-03 08:03:24.662053
2025/09/02 16:08:08,00755,大方广瑞德,DEVGREAT,,0.415,0.0,0.0,0.415,0.0,0.0,0.0,3500,1172,0.355,0.42,2025-09-03 08:03:24.662053
2025/09/02 16:08:08,00756,森美控股,SUMMI,,0.66,-0.04,-5.71428,0.7,0.7,0.7,0.66,80000,54560,0.61,0.86,2025-09-03 08:03:24.662053
2025/09/02 16:08:08,00757,阳光能源,SOLARGIGA,,0.095,0.004,4.3956,0.091,0.092,0.096,0.092,2509000,236369,0.093,0.095,2025-09-03 08:03:24.662053
2025/09/02 16:08:08,00759,CEC INT'L HOLD,CEC INT'L HOLD,,0.3,-0.01,-3.2258,0.31,0.305,0.305,0.295,306000,91620,0.295,0.3,2025-09-03 08:03:24.662053
2025/09/02 16:08:08,00760,新天地产集团,TALENT PPT GP,,0.146,-0.005,-3.31126,0.151,0.165,0.165,0.146,362250,58542,0.141,0.164,2025-09-03 08:03:24.662053
2025/09/02 16:08:08,00762,中国联通,CHINA UNICOM,,9.37,-0.118,-1.24368,9.488,9.56,9.56,9.3,67657900,634093943,9.36,9.37,2025-09-03 08:03:24.662053
2025/09/02 16:08:08,00763,中兴通讯,ZTE,,33.4,-2.82,-7.78575,36.22,36.88,36.88,32.98,59803718,2034273456,33.38,33.4,2025-09-03 08:03:24.662053
2025/09/02 16:08:08,00764,永恒策略,ETERNITY INV,,0.54,0.0,0.0,0.54,0.0,0.0,0.0,0,0,0.51,0.55,2025-09-03 08:03:24.662053
2025/09/02 16:08:08,00765,PERFECTECH INTL,PERFECTECH INTL,,0.4,0.0,0.0,0.4,0.425,0.425,0.425,2000,850,0.36,0.4,2025-09-03 08:03:24.662053
2025/09/02 16:08:08,00767,中基长寿科学,ZHONG JI LS,,0.61,-0.02,-3.1746,0.63,0.61,0.62,0.61,170025,104114,0.61,0.63,2025-09-03 08:03:24.662053
2025/09/02 16:08:08,00768,开明投资,UBA INVESTMENTS,,0.047,0.0,0.0,0.047,0.045,0.047,0.045,154000,6946,0.045,0.047,2025-09-03 08:03:24.662053
2025/09/02 16:08:08,00769,中国稀土,CHINA RAREEARTH,,0.7,0.0,0.0,0.7,0.0,0.0,0.0,0,0,0.0,0.0,2025-09-03 08:03:24.662053
2025/09/02 16:08:08,00770,SHANGHAI GROWTH,SHANGHAI GROWTH,,0.36,0.005,1.40846,0.355,0.3,0.3,0.3,25000,7500,0.36,0.45,2025-09-03 08:03:24.662053
2025/09/02 16:08:08,00771,自动系统,AUTOMATED SYS,,1.0,0.0,0.0,1.0,1.02,1.02,1.0,366000,366080,1.0,1.02,2025-09-03 08:03:24.662053
2025/09/02 16:08:08,00772,阅文集团,CHINA LIT,,38.88,-1.5,-3.71471,40.38,40.24,40.24,38.42,5275158,206000141,38.88,38.9,2025-09-03 08:03:24.662053
2025/09/02 16:08:08,00775,长江生命科技,CKLIFE SCIENCES,,0.92,-0.01,-1.07527,0.93,0.93,0.93,0.92,2195120,2023364,0.91,0.92,2025-09-03 08:03:24.662053
2025/09/02 16:08:08,00776,帝国科技集团,IMPERIUM TEC GP,,0.94,-0.05,-5.05051,0.99,0.97,0.97,0.94,3189000,3068845,0.94,0.99,2025-09-03 08:03:24.662053
2025/09/02 16:08:08,00777,网龙,NETDRAGON,,10.59,-0.09,-0.8427,10.68,10.6,10.7,10.5,2050000,21705355,10.58,10.59,2025-09-03 08:03:24.662053
2025/09/02 16:08:08,00780,同程旅行,TONGCHENGTRAVEL,,21.62,-0.6,-2.70027,22.22,22.04,22.18,21.28,8594422,186050307,21.6,21.62,2025-09-03 08:03:24.662053
2025/09/02 16:08:08,00784,凌锐控股,LING YUI,,0.061,-0.002,-3.1746,0.063,0.061,0.061,0.061,70000,4270,0.061,0.067,2025-09-03 08:03:24.662053
2025/09/02 16:08:08,00788,中国铁塔,CHINA TOWER,,11.46,-0.16,-1.37694,11.62,11.62,11.66,11.38,26457922,303879322,11.45,11.46,2025-09-03 08:03:24.662053
2025/09/02 16:08:08,00789,雅天妮集团,ARTINI HLDG,,0.31,0.0,0.0,0.31,0.0,0.0,0.0,0,0,0.31,0.315,2025-09-03 08:03:24.662053
2025/09/02 16:08:08,00794,锦胜集团（控股）,COME SURE GROUP,,0.184,0.0,0.0,0.184,0.0,0.0,0.0,0,0,0.163,0.217,2025-09-03 08:03:24.662053
2025/09/02 16:08:08,00797,第七大道,7ROAD,,0.54,0.0,0.0,0.54,0.54,0.58,0.54,94000,51200,0.54,0.56,2025-09-03 08:03:24.662053
2025/09/02 16:08:08,00798,中电光谷,CEOVU,,0.243,-0.007,-2.8,0.25,0.25,0.25,0.243,1004000,250972,0.242,0.25,2025-09-03 08:03:24.662053
2025/09/02 16:08:08,00799,IGG,IGG,,4.51,-0.19,-4.04255,4.7,4.66,4.71,4.5,3031402,13868220,4.51,4.52,2025-09-03 08:03:24.662053
2025/09/02 16:08:08,00802,中国钱包,CHINA E-WALLET,,0.045,0.0,0.0,0.045,0.0,0.0,0.0,0,0,0.0,0.0,2025-09-03 08:03:24.662053
2025/09/02 16:08:08,00804,鼎石资本（新）,PINESTONE-NEW,,2.7,0.0,0.0,2.7,0.0,0.0,0.0,425,787,1.87,0.0,2025-09-03 08:03:24.662053
2025/09/02 16:08:08,00805,新吉奥房车,NEW GONOW RV,,1.16,0.03,2.65486,1.13,1.13,1.16,1.11,190000,217380,1.13,1.16,2025-09-03 08:03:24.662053
2025/09/02 16:08:08,00806,惠理集团,VALUE PARTNERS,,2.73,-0.04,-1.44404,2.77,2.77,2.81,2.7,3140982,8590091,2.73,2.74,2025-09-03 08:03:24.662053
2025/09/02 16:08:08,00807,上海实业环境,SIICENVIRONMENT,,1.15,0.0,0.0,1.15,1.15,1.15,1.12,286000,324130,1.12,1.15,2025-09-03 08:03:24.662053
2025/09/02 16:08:08,00809,大成生化科技,GLOBAL BIO-CHEM,,0.094,-0.001,-1.05264,0.095,0.094,0.095,0.093,1154000,109060,0.093,0.097,2025-09-03 08:03:24.662053
2025/09/02 16:08:08,00810,中国铸晨８１,CH CASTSON 81,,0.143,0.004,2.8777,0.139,0.136,0.145,0.135,678000,95592,0.138,0.143,2025-09-03 08:03:24.662053
2025/09/02 16:08:08,00811,新华文轩,XINHUA WINSHARE,,11.11,-0.49,-4.22414,11.6,11.61,11.76,11.05,1888000,21216640,11.1,11.11,2025-09-03 08:03:24.662053
2025/09/02 16:08:08,00812,西证国际证券,SWSI,,0.03,0.0,0.0,0.03,0.0,0.0,0.0,0,0,0.0,0.0,2025-09-03 08:03:24.662053
2025/09/02 16:08:08,00813,世茂集团,SHIMAO GROUP,,0.325,-0.005,-1.51516,0.33,0.335,0.34,0.315,37138500,11999770,0.32,0.325,2025-09-03 08:03:24.662053
2025/09/02 16:08:08,00814,北京京客隆,JINGKELONG,,0.305,0.0,0.0,0.305,0.0,0.0,0.0,0,0,0.29,0.315,2025-09-03 08:03:24.662053
2025/09/02 16:08:08,00815,中国白银集团,CHI SILVER GP,,0.51,-0.02,-3.77359,0.53,0.55,0.56,0.51,78898000,41648580,0.5,0.51,2025-09-03 08:03:24.662053
2025/09/02 16:08:08,00816,金茂服务,JINMAO SERVICES,,3.2,-0.01,-0.31153,3.21,3.21,3.21,3.15,1862627,5891502,3.17,3.2,2025-09-03 08:03:24.662053
2025/09/02 16:08:08,00817,中国金茂,CHINA JINMAO,,1.48,-0.04,-2.63158,1.52,1.54,1.54,1.45,32410440,48031250,1.48,1.49,2025-09-03 08:03:24.662053
2025/09/02 16:08:08,00818,高阳科技,HI SUN TECH,,0.51,0.0,0.0,0.51,0.51,0.51,0.5,1497000,750540,0.5,0.51,2025-09-03 08:03:24.662053
2025/09/02 16:08:08,00819,天能动力,TIANNENG POWER,,7.52,-0.38,-4.81013,7.9,7.88,7.98,7.48,17542000,134181640,7.51,7.52,2025-09-03 08:03:24.662053
2025/09/02 16:08:08,00821,汇盈控股,VC HOLDINGS,,0.59,-0.05,-7.8125,0.64,0.63,0.64,0.58,1125600,695400,0.59,0.63,2025-09-03 08:03:24.662053
2025/09/02 16:08:08,00822,嘉瑞国际,KA SHUI INT'L,,0.345,-0.005,-1.42857,0.35,0.34,0.345,0.34,128000,43600,0.34,0.345,2025-09-03 08:03:24.662053
2025/09/02 16:08:08,00825,新世界百货中国,NWDS CHINA,,0.3,0.0,0.0,0.3,0.3,0.305,0.295,1047000,313815,0.295,0.3,2025-09-03 08:03:24.662053
2025/09/02 16:08:08,00826,天工国际,TIANGONG INT'L,,2.52,0.03,1.20482,2.49,2.51,2.53,2.42,31549000,78224260,2.52,2.53,2025-09-03 08:03:24.662053
2025/09/02 16:08:08,00827,玖源集团,KO YO GROUP,,0.033,-0.001,-2.94118,0.034,0.033,0.034,0.032,2944000,96392,0.033,0.034,2025-09-03 08:03:24.662053
2025/09/02 16:08:08,00828,王朝酒业,DYNASTY WINES,,0.285,0.0,0.0,0.285,0.29,0.29,0.285,52000,14970,0.285,0.29,2025-09-03 08:03:24.662053
2025/09/02 16:08:08,00829,神冠控股,SHENGUAN HLDGS,,0.285,-0.005,-1.72414,0.29,0.29,0.29,0.285,1506000,434690,0.285,0.295,2025-09-03 08:03:24.662053
2025/09/02 16:08:08,00830,中国建筑兴业,CSC DEVELOPMENT,,1.4,0.02,1.44927,1.38,1.39,1.4,1.38,614000,853080,1.38,1.4,2025-09-03 08:03:24.662053
2025/09/02 16:08:08,00831,利亚零售,CR ASIA,,0.335,0.005,1.51515,0.33,0.33,0.335,0.33,248000,82280,0.33,0.335,2025-09-03 08:03:24.662053
2025/09/02 16:08:08,00832,建业地产,CENTRAL CHINA,,0.101,-0.001,-0.98039,0.102,0.0,0.0,0.0,0,0,0.095,0.101,2025-09-03 08:03:24.662053
2025/09/02 16:08:08,00833,华讯,ALLTRONICS,,0.54,0.01,1.8868,0.53,0.54,0.55,0.52,3684000,1962840,0.53,0.54,2025-09-03 08:03:24.662053
2025/09/02 16:08:08,00834,康大食品,KANGDA FOOD,,0.221,0.0,0.0,0.221,0.0,0.0,0.0,0,0,0.21,0.0,2025-09-03 08:03:24.662053
2025/09/02 16:08:08,00836,华润电力,CHINA RES POWER,,18.08,0.11,0.61213,17.97,18.08,18.25,18.0,13838098,250672282,18.07,18.08,2025-09-03 08:03:24.662053
2025/09/02 16:08:08,00837,谭木匠,CARPENTER TAN,,7.19,0.0,0.0,7.19,7.16,7.18,7.1,153000,1090975,7.15,7.2,2025-09-03 08:03:24.662053
2025/09/02 16:08:08,00838,亿和控股,EVA HOLDINGS,,0.91,-0.03,-3.19149,0.94,0.94,0.94,0.9,3624000,3321040,0.91,0.92,2025-09-03 08:03:24.662053
2025/09/02 16:08:08,00839,中教控股,CHINA EDU GROUP,,2.83,0.0,0.0,2.83,2.83,2.85,2.75,13580262,38040115,2.83,2.84,2025-09-03 08:03:24.662053
2025/09/02 16:08:08,00840,天业节水,TIANYE WATER,,0.214,-0.004,-1.83486,0.218,0.208,0.217,0.208,200000,42946,0.192,0.214,2025-09-03 08:03:24.662053
2025/09/02 16:08:08,00841,木薯资源,CASSAVA RES,,0.11,-0.01,-8.33333,0.12,0.109,0.113,0.109,270000,29900,0.109,0.12,2025-09-03 08:03:24.662053
2025/09/02 16:08:08,00842,理士国际,LEOCH INT'L,,1.86,-0.04,-2.10526,1.9,1.87,1.92,1.8,2899000,5355920,1.86,1.88,2025-09-03 08:03:24.662053
2025/09/02 16:08:08,00844,广泰国际控股,GREATIME INTL,,0.315,-0.005,-1.5625,0.32,0.32,0.32,0.31,132000,42200,0.315,0.33,2025-09-03 08:03:24.662053
2025/09/02 16:08:08,00845,恒盛地产,GLORIOUS PPT H,,0.01,0.0,0.0,0.01,0.0,0.0,0.0,0,0,0.0,0.0,2025-09-03 08:03:24.662053
2025/09/02 16:08:08,00846,明发集团,MINGFA GROUP,,0.13,-0.004,-2.98508,0.134,0.133,0.133,0.132,90000,11890,0.123,0.13,2025-09-03 08:03:24.662053
2025/09/02 16:08:08,00848,茂业国际,MAOYE INT'L,,0.13,0.0,0.0,0.13,0.135,0.136,0.127,749000,99386,0.128,0.13,2025-09-03 08:03:24.662053
2025/09/02 16:08:08,00851,盛源控股,SHENG YUAN HLDG,,0.32,0.0,0.0,0.32,0.0,0.0,0.0,0,0,0.0,0.32,2025-09-03 08:03:24.662053
2025/09/02 16:08:08,00852,海峡石油化工,STRONG PETRO,,0.166,0.0,0.0,0.166,0.0,0.0,0.0,0,0,0.0,0.0,2025-09-03 08:03:24.662053
2025/09/02 16:08:08,00853,微创医疗,MICROPORT,,14.81,0.04,0.27082,14.77,14.8,15.2,14.24,71406433,1057711699,14.81,14.82,2025-09-03 08:03:24.662053
2025/09/02 16:08:08,00854,威雅利,WILLAS-ARRAY,,9.53,-0.01,-0.10483,9.54,9.6,9.6,9.05,15000,141430,9.2,9.51,2025-09-03 08:03:24.662053
2025/09/02 16:08:08,00855,中国水务,CHINA WATER,,6.11,-0.09,-1.45161,6.2,6.16,6.18,6.1,1325200,8126524,6.1,6.12,2025-09-03 08:03:24.662053
2025/09/02 16:08:08,00856,伟仕佳杰,VSTECS,,10.05,-0.4,-3.82775,10.45,10.42,10.57,9.93,19326000,195513470,10.04,10.05,2025-09-03 08:03:24.662053
2025/09/02 16:08:08,00857,中国石油股份,PETROCHINA,,7.67,0.04,0.52425,7.63,7.61,7.79,7.61,111238189,854322942,7.66,7.67,2025-09-03 08:03:24.662053
2025/09/02 16:08:08,00858,精优药业,EXTRAWELL PHAR,,0.119,-0.002,-1.65289,0.121,0.121,0.124,0.116,2760000,333710,0.118,0.119,2025-09-03 08:03:24.662053
2025/09/02 16:08:08,00859,中昌国际控股,ZHONGCHANG INTL,,0.119,0.0,0.0,0.119,0.0,0.0,0.0,0,0,0.0,0.119,2025-09-03 08:03:24.662053
2025/09/02 16:08:08,00860,ＡＰＯＬＬＯ出行,APOLLO FMG,,0.61,-0.03,-4.6875,0.64,0.61,0.61,0.61,19000,11890,0.61,0.64,2025-09-03 08:03:24.662053
2025/09/02 16:08:08,00861,神州控股,DC HOLDINGS,,3.09,-0.13,-4.03727,3.22,3.26,3.26,3.06,5920000,18464485,3.08,3.09,2025-09-03 08:03:24.662053
2025/09/02 16:08:08,00862,远见控股,VISION VALUES,,0.049,0.002,4.25532,0.047,0.048,0.049,0.048,355000,17070,0.044,0.049,2025-09-03 08:03:24.662053
2025/09/02 16:08:08,00863,ＯＳＬ集团,OSL GROUP,,16.55,-0.83,-4.77561,17.38,17.41,17.6,16.17,4332510,72546505,16.5,16.55,2025-09-03 08:03:24.662053
2025/09/02 16:08:08,00864,永利地产发展,WING LEE PPT,,0.167,0.0,0.0,0.167,0.0,0.0,0.0,0,0,0.0,0.189,2025-09-03 08:03:24.662053
2025/09/02 16:08:08,00865,建德国际控股,JIANDE INT'L,,0.038,0.002,5.55555,0.036,0.038,0.039,0.038,536000,20568,0.038,0.04,2025-09-03 08:03:24.662053
2025/09/02 16:08:08,00866,中国秦发,CHINA QINFA,,2.51,0.08,3.29218,2.43,2.43,2.53,2.37,8698000,21119660,2.5,2.51,2025-09-03 08:03:24.662053
2025/09/02 16:08:08,00867,康哲药业,CMS,,13.7,-0.05,-0.36364,13.75,13.81,13.81,13.53,6476252,88510057,13.7,13.71,2025-09-03 08:03:24.662053
2025/09/02 16:08:08,00868,信义玻璃,XINYI GLASS,,8.36,-0.19,-2.22223,8.55,8.52,8.56,8.27,11354000,95093840,8.35,8.36,2025-09-03 08:03:24.662053
2025/09/02 16:08:08,00869,彩星玩具,PLAYMATES TOYS,,0.58,-0.01,-1.69492,0.59,0.59,0.59,0.58,356000,207480,0.58,0.59,2025-09-03 08:03:24.662053
2025/09/02 16:08:08,00871,中国疏浚环保,CH DREDG ENV,,0.066,0.0,0.0,0.066,0.066,0.066,0.066,150000,9840,0.066,0.067,2025-09-03 08:03:24.662053
2025/09/02 16:08:08,00873,世茂服务,SHIMAO SERVICES,,0.74,-0.01,-1.33333,0.75,0.76,0.76,0.74,1192000,884990,0.74,0.75,2025-09-03 08:03:24.662053
2025/09/02 16:08:08,00874,白云山,BAIYUNSHAN PH,,18.42,-0.2,-1.07411,18.62,18.44,18.63,18.32,796000,14674760,18.35,18.46,2025-09-03 08:03:24.662053
2025/09/02 16:08:08,00875,从玉智农,CONGYU INTE AGR,,0.37,0.045,13.84616,0.325,0.335,0.39,0.32,14935700,5501715,0.37,0.38,2025-09-03 08:03:24.662053
2025/09/02 16:08:08,00876,佳兆业健康,KAISA HEALTH,,0.023,-0.001,-4.16667,0.024,0.024,0.024,0.023,340000,8100,0.023,0.024,2025-09-03 08:03:24.662053
2025/09/02 16:08:08,00878,金朝阳集团,SOUNDWILL HOLD,,6.0,-0.02,-0.33223,6.02,6.0,6.0,6.0,1000,6000,6.0,6.03,2025-09-03 08:03:24.662053
2025/09/02 16:08:08,00880,澳博控股,SJM HOLDINGS,,2.98,0.06,2.0548,2.92,2.98,3.02,2.94,26866880,80022304,2.97,2.98,2025-09-03 08:03:24.662053
2025/09/02 16:08:08,00881,中升控股,ZHONGSHENG HLDG,,16.77,0.8,5.0094,15.97,15.99,17.2,15.99,20214579,340051295,16.76,16.77,2025-09-03 08:03:24.662053
2025/09/02 16:08:08,00882,天津发展,TIANJIN DEV,,2.72,-0.06,-2.15827,2.78,2.78,2.79,2.71,1008000,2766340,2.72,2.75,2025-09-03 08:03:24.662053
2025/09/02 16:08:08,00883,中国海洋石油,CNOOC,,20.06,0.11,0.55138,19.95,20.04,20.36,19.95,111700422,2253087952,20.06,20.1,2025-09-03 08:03:24.662053
2025/09/02 16:08:08,00884,旭辉控股集团,CIFI HOLD GP,,0.221,0.0,0.0,0.221,0.223,0.223,0.216,14192000,3109146,0.22,0.221,2025-09-03 08:03:24.662053
2025/09/02 16:08:08,00887,英皇钟表珠宝,EMPEROR WATCH&J,,0.305,0.0,0.0,0.305,0.305,0.305,0.29,12967000,3864425,0.295,0.305,2025-09-03 08:03:24.662053
2025/09/02 16:08:08,00888,贝森金融,BISON FINANCE,,0.099,0.003,3.125,0.096,0.093,0.1,0.09,1182000,108382,0.09,0.099,2025-09-03 08:03:24.662053
2025/09/02 16:08:08,00889,连达科技控股,DATRONIX HOLD,,0.315,0.0,0.0,0.315,0.0,0.0,0.0,0,0,0.3,0.32,2025-09-03 08:03:24.662053
2025/09/02 16:08:08,00893,中国铁钛,CHINAVTM MINING,,0.082,-0.006,-6.81818,0.088,0.087,0.087,0.08,5676000,462749,0.082,0.087,2025-09-03 08:03:24.662053
2025/09/02 16:08:08,00894,万裕科技,MAN YUE TECH,,0.56,-0.02,-3.44828,0.58,0.58,0.58,0.52,452000,249080,0.56,0.57,2025-09-03 08:03:24.662053
2025/09/02 16:08:08,00895,东江环保,DONGJIANG ENV,,2.5,-0.08,-3.10078,2.58,2.54,2.56,2.46,3370200,8465184,2.5,2.52,2025-09-03 08:03:24.662053
2025/09/02 16:08:08,00896,兴胜创建,HANISON,,0.285,0.015,5.55555,0.27,0.26,0.29,0.26,14556,4000,0.28,0.29,2025-09-03 08:03:24.662053
2025/09/02 16:08:08,00897,位元堂,WAI YUEN TONG,,0.355,0.035,10.9375,0.32,0.325,0.355,0.325,3551676,1211231,0.345,0.355,2025-09-03 08:03:24.662053
2025/09/02 16:08:08,00898,万事昌国际,MULTIFIELD INTL,,1.09,0.0,0.0,1.09,0.0,0.0,0.0,0,0,1.05,1.12,2025-09-03 08:03:24.662053
2025/09/02 16:08:08,00899,中加国信,ZHONG JIA GX,,0.221,-0.034,-13.33333,0.255,0.255,0.255,0.206,60000,13790,0.221,0.249,2025-09-03 08:03:24.662053
2025/09/02 16:08:08,00900,AEON CREDIT,AEON CREDIT,,7.1,0.02,0.28249,7.08,7.08,7.1,7.08,92000,653160,7.1,7.16,2025-09-03 08:03:24.662053
2025/09/02 16:08:08,00902,华能国际电力股份,HUANENG POWER,,5.72,0.05,0.88183,5.67,5.68,5.8,5.65,29085046,166589074,5.71,5.72,2025-09-03 08:03:24.662053
2025/09/02 16:08:08,00905,胡桃资本,WALNUT CAP,,2.28,-0.06,-2.5641,2.34,2.32,2.37,2.19,1872500,4237045,2.22,2.25,2025-09-03 08:03:24.662053
2025/09/02 16:08:08,00907,高雅光学,ELEGANCEOPTICAL,,0.086,0.002,2.38096,0.084,0.091,0.092,0.086,560000,50280,0.086,0.087,2025-09-03 08:03:24.662053
2025/09/02 16:08:08,00909,明源云,MING YUAN CLOUD,,3.64,-0.18,-4.71204,3.82,3.84,3.86,3.54,31927000,116736543,3.63,3.64,2025-09-03 08:03:24.662053
2025/09/02 16:08:08,00910,中国三迪,CHINA SANDI,,0.014,0.0,0.0,0.014,0.0,0.0,0.0,0,0,0.0,0.0,2025-09-03 08:03:24.662053
2025/09/02 16:08:08,00911,前海健康,QIANHAI HEALTH,,0.295,-0.005,-1.66667,0.3,0.0,0.0,0.0,450,120,0.26,0.295,2025-09-03 08:03:24.662053
2025/09/02 16:08:08,00912,信佳国际,SUGA INT'L,,1.24,0.0,0.0,1.24,1.24,1.24,1.24,150000,186000,1.22,1.26,2025-09-03 08:03:24.662053
2025/09/02 16:08:08,00913,港湾数字,HARBOUR DIGITAL,,0.3,0.0,0.0,0.3,0.0,0.0,0.0,0,0,0.3,0.36,2025-09-03 08:03:24.662053
2025/09/02 16:08:08,00914,海螺水泥,CONCH CEMENT,,24.22,-0.38,-1.54472,24.6,24.72,24.84,24.16,16182352,396696214,24.2,24.22,2025-09-03 08:03:24.662053
2025/09/02 16:08:08,00915,道和环球,DAOHE GLOBAL,,0.079,0.004,5.33334,0.075,0.0,0.0,0.0,0,0,0.079,0.08,2025-09-03 08:03:24.662053
2025/09/02 16:08:08,00916,龙源电力,CHINA LONGYUAN,,6.75,-0.02,-0.29542,6.77,6.78,6.85,6.72,15898168,107860250,6.75,6.76,2025-09-03 08:03:24.662053
2025/09/02 16:08:08,00917,趣致集团,QUNABOX GROUP,,73.1,-6.5,-8.16583,79.6,79.6,79.6,70.35,932427,67749543,72.5,73.1,2025-09-03 08:03:24.662053
2025/09/02 16:08:08,00918,龙翼航空科技,MAJESTIC DRAGON,,0.45,-0.005,-1.0989,0.455,0.455,0.455,0.45,66000,29820,0.435,0.45,2025-09-03 08:03:24.662053
2025/09/02 16:08:08,00919,现代健康科技,MODERNHEALTHTEC,,0.088,-0.006,-6.38298,0.094,0.086,0.091,0.085,624000,53972,0.085,0.091,2025-09-03 08:03:24.662053
2025/09/02 16:08:08,00921,海信家电,HISENSE HA,,23.68,-0.16,-0.67114,23.84,23.86,24.12,23.64,1480000,35256130,23.66,23.68,2025-09-03 08:03:24.662053
2025/09/02 16:08:08,00922,安贤园中国,ANXIANYUAN CH,,0.16,-0.002,-1.23457,0.162,0.163,0.163,0.158,2730000,438500,0.159,0.16,2025-09-03 08:03:24.662053
2025/09/02 16:08:08,00923,综合环保集团,IWS,,0.015,0.0,0.0,0.015,0.014,0.015,0.013,726000,10238,0.014,0.015,2025-09-03 08:03:24.662053
2025/09/02 16:08:08,00924,坤集团,KHOON GROUP,,0.3,-0.015,-4.7619,0.315,0.31,0.31,0.3,40000,12080,0.295,0.3,2025-09-03 08:03:24.662053
2025/09/02 16:08:08,00926,碧生源,BESUNYEN,,2.73,0.0,0.0,2.73,0.0,0.0,0.0,0,0,2.66,2.73,2025-09-03 08:03:24.662053
2025/09/02 16:08:08,00927,富士高实业,FUJIKON IND,,0.68,-0.01,-1.44927,0.69,0.69,0.69,0.68,228000,156020,0.67,0.68,2025-09-03 08:03:24.662053
2025/09/02 16:08:08,00928,帝王国际投资,KING INTL INV,,0.094,0.0,0.0,0.094,0.0,0.0,0.0,0,0,0.0,0.0,2025-09-03 08:03:24.662053
2025/09/02 16:08:08,00929,国际精密,IPE GROUP,,0.445,0.0,0.0,0.445,0.0,0.0,0.0,0,0,0.43,0.445,2025-09-03 08:03:24.662053
2025/09/02 16:08:08,00931,中国港能,CHINA HK POWER,,0.355,-0.015,-4.05406,0.37,0.37,0.37,0.35,8507500,3031650,0.35,0.355,2025-09-03 08:03:24.662053
2025/09/02 16:08:08,00932,顺腾国际控股,SHUNTEN INTL,,0.031,-0.002,-6.06061,0.033,0.032,0.032,0.031,184000,5832,0.03,0.031,2025-09-03 08:03:24.662053
2025/09/02 16:08:08,00933,非凡领越,VIVA GOODS,,0.7,0.01,1.44927,0.69,0.69,0.71,0.66,5163956,3527150,0.69,0.7,2025-09-03 08:03:24.662053
2025/09/02 16:08:08,00934,中石化冠德,SINOPEC KANTONS,,4.32,0.06,1.40846,4.26,4.3,4.38,4.27,2186000,9424120,4.3,4.32,2025-09-03 08:03:24.662053
2025/09/02 16:08:08,00936,佳兆业资本,KAISA CAPITAL,,0.103,0.0,0.0,0.103,0.0,0.0,0.0,0,0,0.097,0.0,2025-09-03 08:03:24.662053
2025/09/02 16:08:08,00938,民生国际,MAN SANG INT'L,,0.73,0.03,4.28572,0.7,0.66,0.74,0.59,268000,178700,0.63,0.73,2025-09-03 08:03:24.662053
2025/09/02 16:08:08,00939,建设银行,CCB,,7.7,0.15,1.98675,7.55,7.53,7.77,7.49,281581401,2167561451,7.69,7.7,2025-09-03 08:03:24.662053
2025/09/02 16:08:08,00941,中国移动,CHINA MOBILE,,85.6,-0.95,-1.09763,86.55,86.25,86.45,85.6,20354349,1749376872,85.6,85.65,2025-09-03 08:03:24.662053
2025/09/02 16:08:08,00943,中证国际,ZHONGZHENG INTL,,0.228,-0.002,-0.86957,0.23,0.229,0.229,0.228,48000,10960,0.225,0.235,2025-09-03 08:03:24.662053
2025/09/02 16:08:08,00945,宏利金融－Ｓ,MANULIFE-S,,238.0,-0.2,-0.08396,238.2,238.2,239.2,238.0,4800,1144060,236.8,238.0,2025-09-03 08:03:24.662053
2025/09/02 16:08:08,00947,摩比发展,MOBI DEV,,0.143,0.002,1.41844,0.141,0.142,0.142,0.141,67000,9507,0.143,0.152,2025-09-03 08:03:24.662053
2025/09/02 16:08:08,00948,阿尔法企业,ALPHA PRO HLDGS,,0.207,-0.022,-9.60699,0.229,0.208,0.208,0.203,180000,38218,0.207,0.22,2025-09-03 08:03:24.662053
2025/09/02 16:08:08,00950,李氏大药厂,LEE'S PHARM,,2.14,0.03,1.42181,2.11,2.11,2.19,2.04,9523500,20113975,2.14,2.16,2025-09-03 08:03:24.662053
2025/09/02 16:08:08,00951,超威动力,CHAOWEI POWER,,1.43,0.03,2.14285,1.4,1.39,1.43,1.39,667360,934060,1.4,1.43,2025-09-03 08:03:24.662053
2025/09/02 16:08:08,00952,华富建业金融,QUAM PLUS FIN,,0.15,-0.004,-2.5974,0.154,0.151,0.154,0.15,1320000,198840,0.15,0.154,2025-09-03 08:03:24.662053
2025/09/02 16:08:08,00953,邵氏兄弟控股,SHAW BROTHERS,,0.32,-0.01,-3.03031,0.33,0.325,0.325,0.315,4130000,1314480,0.315,0.32,2025-09-03 08:03:24.662053
2025/09/02 16:08:08,00954,常茂生物,CHANGMAO BIO,,0.31,0.0,0.0,0.31,0.31,0.31,0.305,56000,17100,0.305,0.325,2025-09-03 08:03:24.662053
2025/09/02 16:08:08,00956,新天绿色能源,CHINA SUNTIEN,,4.27,-0.08,-1.83908,4.35,4.35,4.37,4.19,8669000,36797135,4.26,4.27,2025-09-03 08:03:24.662053
2025/09/02 16:08:08,00959,世纪娱乐国际,CENTURY ENT INT,,0.72,0.0,0.0,0.72,0.0,0.0,0.0,0,0,0.0,0.0,2025-09-03 08:03:24.662053
2025/09/02 16:08:08,00960,龙湖集团,LONGFOR GROUP,,10.54,-0.29,-2.67775,10.83,10.82,10.89,10.42,32224257,340231096,10.53,10.54,2025-09-03 08:03:24.662053
2025/09/02 16:08:08,00966,中国太平,CHINA TAIPING,,16.44,-0.1,-0.60459,16.54,16.66,16.67,16.26,17286696,284207209,16.4,16.44,2025-09-03 08:03:24.662053
2025/09/02 16:08:08,00968,信义光能,XINYI SOLAR,,3.31,-0.09,-2.64706,3.4,3.4,3.49,3.26,90136410,302914364,3.31,3.32,2025-09-03 08:03:24.662053
2025/09/02 16:08:08,00969,华联国际,HUA LIEN INT'L,,0.17,0.0,0.0,0.17,0.0,0.0,0.0,0,0,0.145,0.17,2025-09-03 08:03:24.662053
2025/09/02 16:08:08,00970,新耀莱,NEW SPARKLEROLL,,0.7,0.0,0.0,0.7,0.69,0.71,0.69,91000,63830,0.7,0.71,2025-09-03 08:03:24.662053
